%YAML 1.1
%TAG !u! tag:unity3d.com,2011:
--- !u!1 &1501312390180755724
GameObject:
  m_ObjectHideFlags: 0
  m_CorrespondingSourceObject: {fileID: 0}
  m_PrefabInstance: {fileID: 0}
  m_PrefabAsset: {fileID: 0}
  serializedVersion: 6
  m_Component:
  - component: {fileID: 2609183615555853847}
  m_Layer: 5
  m_Name: TutorialPages
  m_TagString: Untagged
  m_Icon: {fileID: 0}
  m_NavMeshLayer: 0
  m_StaticEditorFlags: 0
  m_IsActive: 1
--- !u!224 &2609183615555853847
RectTransform:
  m_ObjectHideFlags: 0
  m_CorrespondingSourceObject: {fileID: 0}
  m_PrefabInstance: {fileID: 0}
  m_PrefabAsset: {fileID: 0}
  m_GameObject: {fileID: 1501312390180755724}
  m_LocalRotation: {x: 0, y: 0, z: 0, w: 1}
  m_LocalPosition: {x: 0, y: 0, z: 0}
  m_LocalScale: {x: 1, y: 1, z: 1}
  m_Children:
  - {fileID: 3394798975582973547}
  - {fileID: 220143692036866970}
  - {fileID: 6048676842795647027}
  - {fileID: 6536674662986417144}
  m_Father: {fileID: 6577264983955745270}
  m_RootOrder: 4
  m_LocalEulerAnglesHint: {x: 0, y: 0, z: 0}
  m_AnchorMin: {x: 0.5, y: 0.5}
  m_AnchorMax: {x: 0.5, y: 0.5}
  m_AnchoredPosition: {x: 0, y: 37}
  m_SizeDelta: {x: 100, y: 100}
  m_Pivot: {x: 0.5, y: 0.5}
--- !u!1 &3358078127456842423
GameObject:
  m_ObjectHideFlags: 0
  m_CorrespondingSourceObject: {fileID: 0}
  m_PrefabInstance: {fileID: 0}
  m_PrefabAsset: {fileID: 0}
  serializedVersion: 6
  m_Component:
  - component: {fileID: 6230614075710275891}
  - component: {fileID: 3912472442769016933}
  - component: {fileID: 1969157988024790053}
  m_Layer: 5
  m_Name: Panel
  m_TagString: Untagged
  m_Icon: {fileID: 0}
  m_NavMeshLayer: 0
  m_StaticEditorFlags: 0
  m_IsActive: 1
--- !u!224 &6230614075710275891
RectTransform:
  m_ObjectHideFlags: 0
  m_CorrespondingSourceObject: {fileID: 0}
  m_PrefabInstance: {fileID: 0}
  m_PrefabAsset: {fileID: 0}
  m_GameObject: {fileID: 3358078127456842423}
  m_LocalRotation: {x: 0, y: 0, z: 0, w: 1}
  m_LocalPosition: {x: 0, y: 0, z: 0}
  m_LocalScale: {x: 1, y: 1, z: 1}
  m_Children: []
  m_Father: {fileID: 6577264983955745270}
  m_RootOrder: 0
  m_LocalEulerAnglesHint: {x: 0, y: 0, z: 0}
  m_AnchorMin: {x: 0, y: 0}
  m_AnchorMax: {x: 1, y: 1}
  m_AnchoredPosition: {x: 0, y: 0}
  m_SizeDelta: {x: 0, y: 0}
  m_Pivot: {x: 0.5, y: 0.5}
--- !u!222 &3912472442769016933
CanvasRenderer:
  m_ObjectHideFlags: 0
  m_CorrespondingSourceObject: {fileID: 0}
  m_PrefabInstance: {fileID: 0}
  m_PrefabAsset: {fileID: 0}
  m_GameObject: {fileID: 3358078127456842423}
  m_CullTransparentMesh: 0
--- !u!114 &1969157988024790053
MonoBehaviour:
  m_ObjectHideFlags: 0
  m_CorrespondingSourceObject: {fileID: 0}
  m_PrefabInstance: {fileID: 0}
  m_PrefabAsset: {fileID: 0}
  m_GameObject: {fileID: 3358078127456842423}
  m_Enabled: 1
  m_EditorHideFlags: 0
  m_Script: {fileID: 11500000, guid: fe87c0e1cc204ed48ad3b37840f39efc, type: 3}
  m_Name: 
  m_EditorClassIdentifier: 
  m_Material: {fileID: 0}
  m_Color: {r: 0.9529412, g: 0.6117647, b: 0.07058824, a: 1}
  m_RaycastTarget: 1
  m_Maskable: 1
  m_OnCullStateChanged:
    m_PersistentCalls:
      m_Calls: []
  m_Sprite: {fileID: 10907, guid: 0000000000000000f000000000000000, type: 0}
  m_Type: 1
  m_PreserveAspect: 0
  m_FillCenter: 1
  m_FillMethod: 4
  m_FillAmount: 1
  m_FillClockwise: 1
  m_FillOrigin: 0
  m_UseSpriteMesh: 0
  m_PixelsPerUnitMultiplier: 1
--- !u!1 &3590649689459707114
GameObject:
  m_ObjectHideFlags: 0
  m_CorrespondingSourceObject: {fileID: 0}
  m_PrefabInstance: {fileID: 0}
  m_PrefabAsset: {fileID: 0}
  serializedVersion: 6
  m_Component:
  - component: {fileID: 6577264983955745270}
  - component: {fileID: 1689021021221857484}
  m_Layer: 5
  m_Name: TutorialWindow
  m_TagString: Untagged
  m_Icon: {fileID: 0}
  m_NavMeshLayer: 0
  m_StaticEditorFlags: 0
  m_IsActive: 1
--- !u!224 &6577264983955745270
RectTransform:
  m_ObjectHideFlags: 0
  m_CorrespondingSourceObject: {fileID: 0}
  m_PrefabInstance: {fileID: 0}
  m_PrefabAsset: {fileID: 0}
  m_GameObject: {fileID: 3590649689459707114}
  m_LocalRotation: {x: 0, y: 0, z: 0, w: 1}
  m_LocalPosition: {x: 0, y: 0, z: 0}
  m_LocalScale: {x: 0.8337888, y: 0.8337888, z: 0.8337888}
  m_Children:
  - {fileID: 6230614075710275891}
  - {fileID: 3818893195289706829}
  - {fileID: 1591799344409721461}
  - {fileID: 4072003495474959308}
  - {fileID: 2609183615555853847}
  m_Father: {fileID: 0}
  m_RootOrder: 0
  m_LocalEulerAnglesHint: {x: 0, y: 0, z: 0}
  m_AnchorMin: {x: 0.5, y: 0.5}
  m_AnchorMax: {x: 0.5, y: 0.5}
  m_AnchoredPosition: {x: 0, y: 14}
  m_SizeDelta: {x: 943.32837, y: 747.7137}
  m_Pivot: {x: 0.5, y: 0.5}
--- !u!114 &1689021021221857484
MonoBehaviour:
  m_ObjectHideFlags: 0
  m_CorrespondingSourceObject: {fileID: 0}
  m_PrefabInstance: {fileID: 0}
  m_PrefabAsset: {fileID: 0}
  m_GameObject: {fileID: 3590649689459707114}
  m_Enabled: 1
  m_EditorHideFlags: 0
  m_Script: {fileID: 11500000, guid: 7081de41f88c34f40b7f4795c502f511, type: 3}
  m_Name: 
  m_EditorClassIdentifier: 
  pages: []
  currentPage: 0
--- !u!1001 &1774607063150196742
PrefabInstance:
  m_ObjectHideFlags: 0
  serializedVersion: 2
  m_Modification:
    m_TransformParent: {fileID: 2609183615555853847}
    m_Modifications:
    - target: {fileID: 4016107053260789357, guid: fe9a62b2fd287d8458cde8f6a30aa380,
        type: 3}
      propertyPath: m_LocalPosition.x
      value: 0
      objectReference: {fileID: 0}
    - target: {fileID: 4016107053260789357, guid: fe9a62b2fd287d8458cde8f6a30aa380,
        type: 3}
      propertyPath: m_LocalPosition.y
      value: 0
      objectReference: {fileID: 0}
    - target: {fileID: 4016107053260789357, guid: fe9a62b2fd287d8458cde8f6a30aa380,
        type: 3}
      propertyPath: m_LocalPosition.z
      value: 0
      objectReference: {fileID: 0}
    - target: {fileID: 4016107053260789357, guid: fe9a62b2fd287d8458cde8f6a30aa380,
        type: 3}
      propertyPath: m_LocalRotation.x
      value: -0
      objectReference: {fileID: 0}
    - target: {fileID: 4016107053260789357, guid: fe9a62b2fd287d8458cde8f6a30aa380,
        type: 3}
      propertyPath: m_LocalRotation.y
      value: -0
      objectReference: {fileID: 0}
    - target: {fileID: 4016107053260789357, guid: fe9a62b2fd287d8458cde8f6a30aa380,
        type: 3}
      propertyPath: m_LocalRotation.z
      value: -0
      objectReference: {fileID: 0}
    - target: {fileID: 4016107053260789357, guid: fe9a62b2fd287d8458cde8f6a30aa380,
        type: 3}
      propertyPath: m_LocalRotation.w
      value: 1
      objectReference: {fileID: 0}
    - target: {fileID: 4016107053260789357, guid: fe9a62b2fd287d8458cde8f6a30aa380,
        type: 3}
      propertyPath: m_RootOrder
      value: 0
      objectReference: {fileID: 0}
    - target: {fileID: 4016107053260789357, guid: fe9a62b2fd287d8458cde8f6a30aa380,
        type: 3}
      propertyPath: m_LocalEulerAnglesHint.x
      value: 0
      objectReference: {fileID: 0}
    - target: {fileID: 4016107053260789357, guid: fe9a62b2fd287d8458cde8f6a30aa380,
        type: 3}
      propertyPath: m_LocalEulerAnglesHint.y
      value: 0
      objectReference: {fileID: 0}
    - target: {fileID: 4016107053260789357, guid: fe9a62b2fd287d8458cde8f6a30aa380,
        type: 3}
      propertyPath: m_LocalEulerAnglesHint.z
      value: 0
      objectReference: {fileID: 0}
    - target: {fileID: 4016107053260789357, guid: fe9a62b2fd287d8458cde8f6a30aa380,
        type: 3}
      propertyPath: m_AnchoredPosition.x
      value: 0
      objectReference: {fileID: 0}
    - target: {fileID: 4016107053260789357, guid: fe9a62b2fd287d8458cde8f6a30aa380,
        type: 3}
      propertyPath: m_AnchoredPosition.y
      value: 0
      objectReference: {fileID: 0}
    - target: {fileID: 4016107053260789357, guid: fe9a62b2fd287d8458cde8f6a30aa380,
        type: 3}
      propertyPath: m_SizeDelta.x
      value: 100
      objectReference: {fileID: 0}
    - target: {fileID: 4016107053260789357, guid: fe9a62b2fd287d8458cde8f6a30aa380,
        type: 3}
      propertyPath: m_SizeDelta.y
      value: 100
      objectReference: {fileID: 0}
    - target: {fileID: 4016107053260789357, guid: fe9a62b2fd287d8458cde8f6a30aa380,
        type: 3}
      propertyPath: m_AnchorMin.x
      value: 0.5
      objectReference: {fileID: 0}
    - target: {fileID: 4016107053260789357, guid: fe9a62b2fd287d8458cde8f6a30aa380,
        type: 3}
      propertyPath: m_AnchorMin.y
      value: 0.5
      objectReference: {fileID: 0}
    - target: {fileID: 4016107053260789357, guid: fe9a62b2fd287d8458cde8f6a30aa380,
        type: 3}
      propertyPath: m_AnchorMax.x
      value: 0.5
      objectReference: {fileID: 0}
    - target: {fileID: 4016107053260789357, guid: fe9a62b2fd287d8458cde8f6a30aa380,
        type: 3}
      propertyPath: m_AnchorMax.y
      value: 0.5
      objectReference: {fileID: 0}
    - target: {fileID: 4016107053260789357, guid: fe9a62b2fd287d8458cde8f6a30aa380,
        type: 3}
      propertyPath: m_Pivot.x
      value: 0.5
      objectReference: {fileID: 0}
    - target: {fileID: 4016107053260789357, guid: fe9a62b2fd287d8458cde8f6a30aa380,
        type: 3}
      propertyPath: m_Pivot.y
      value: 0.5
      objectReference: {fileID: 0}
    - target: {fileID: 5666367714068894167, guid: fe9a62b2fd287d8458cde8f6a30aa380,
        type: 3}
      propertyPath: m_Name
      value: TutorialPage (1)
      objectReference: {fileID: 0}
    m_RemovedComponents: []
  m_SourcePrefab: {fileID: 100100000, guid: fe9a62b2fd287d8458cde8f6a30aa380, type: 3}
--- !u!224 &3394798975582973547 stripped
RectTransform:
  m_CorrespondingSourceObject: {fileID: 4016107053260789357, guid: fe9a62b2fd287d8458cde8f6a30aa380,
    type: 3}
  m_PrefabInstance: {fileID: 1774607063150196742}
  m_PrefabAsset: {fileID: 0}
--- !u!1001 &3797114562863060471
PrefabInstance:
  m_ObjectHideFlags: 0
  serializedVersion: 2
  m_Modification:
    m_TransformParent: {fileID: 2609183615555853847}
    m_Modifications:
    - target: {fileID: 4016107053260789357, guid: fe9a62b2fd287d8458cde8f6a30aa380,
        type: 3}
      propertyPath: m_LocalPosition.x
      value: 0
      objectReference: {fileID: 0}
    - target: {fileID: 4016107053260789357, guid: fe9a62b2fd287d8458cde8f6a30aa380,
        type: 3}
      propertyPath: m_LocalPosition.y
      value: 0
      objectReference: {fileID: 0}
    - target: {fileID: 4016107053260789357, guid: fe9a62b2fd287d8458cde8f6a30aa380,
        type: 3}
      propertyPath: m_LocalPosition.z
      value: 0
      objectReference: {fileID: 0}
    - target: {fileID: 4016107053260789357, guid: fe9a62b2fd287d8458cde8f6a30aa380,
        type: 3}
      propertyPath: m_LocalRotation.x
      value: -0
      objectReference: {fileID: 0}
    - target: {fileID: 4016107053260789357, guid: fe9a62b2fd287d8458cde8f6a30aa380,
        type: 3}
      propertyPath: m_LocalRotation.y
      value: -0
      objectReference: {fileID: 0}
    - target: {fileID: 4016107053260789357, guid: fe9a62b2fd287d8458cde8f6a30aa380,
        type: 3}
      propertyPath: m_LocalRotation.z
      value: -0
      objectReference: {fileID: 0}
    - target: {fileID: 4016107053260789357, guid: fe9a62b2fd287d8458cde8f6a30aa380,
        type: 3}
      propertyPath: m_LocalRotation.w
      value: 1
      objectReference: {fileID: 0}
    - target: {fileID: 4016107053260789357, guid: fe9a62b2fd287d8458cde8f6a30aa380,
        type: 3}
      propertyPath: m_RootOrder
      value: 1
      objectReference: {fileID: 0}
    - target: {fileID: 4016107053260789357, guid: fe9a62b2fd287d8458cde8f6a30aa380,
        type: 3}
      propertyPath: m_LocalEulerAnglesHint.x
      value: 0
      objectReference: {fileID: 0}
    - target: {fileID: 4016107053260789357, guid: fe9a62b2fd287d8458cde8f6a30aa380,
        type: 3}
      propertyPath: m_LocalEulerAnglesHint.y
      value: 0
      objectReference: {fileID: 0}
    - target: {fileID: 4016107053260789357, guid: fe9a62b2fd287d8458cde8f6a30aa380,
        type: 3}
      propertyPath: m_LocalEulerAnglesHint.z
      value: 0
      objectReference: {fileID: 0}
    - target: {fileID: 4016107053260789357, guid: fe9a62b2fd287d8458cde8f6a30aa380,
        type: 3}
      propertyPath: m_AnchoredPosition.x
      value: 0
      objectReference: {fileID: 0}
    - target: {fileID: 4016107053260789357, guid: fe9a62b2fd287d8458cde8f6a30aa380,
        type: 3}
      propertyPath: m_AnchoredPosition.y
      value: 0
      objectReference: {fileID: 0}
    - target: {fileID: 4016107053260789357, guid: fe9a62b2fd287d8458cde8f6a30aa380,
        type: 3}
      propertyPath: m_SizeDelta.x
      value: 100
      objectReference: {fileID: 0}
    - target: {fileID: 4016107053260789357, guid: fe9a62b2fd287d8458cde8f6a30aa380,
        type: 3}
      propertyPath: m_SizeDelta.y
      value: 100
      objectReference: {fileID: 0}
    - target: {fileID: 4016107053260789357, guid: fe9a62b2fd287d8458cde8f6a30aa380,
        type: 3}
      propertyPath: m_AnchorMin.x
      value: 0.5
      objectReference: {fileID: 0}
    - target: {fileID: 4016107053260789357, guid: fe9a62b2fd287d8458cde8f6a30aa380,
        type: 3}
      propertyPath: m_AnchorMin.y
      value: 0.5
      objectReference: {fileID: 0}
    - target: {fileID: 4016107053260789357, guid: fe9a62b2fd287d8458cde8f6a30aa380,
        type: 3}
      propertyPath: m_AnchorMax.x
      value: 0.5
      objectReference: {fileID: 0}
    - target: {fileID: 4016107053260789357, guid: fe9a62b2fd287d8458cde8f6a30aa380,
        type: 3}
      propertyPath: m_AnchorMax.y
      value: 0.5
      objectReference: {fileID: 0}
    - target: {fileID: 4016107053260789357, guid: fe9a62b2fd287d8458cde8f6a30aa380,
        type: 3}
      propertyPath: m_Pivot.x
      value: 0.5
      objectReference: {fileID: 0}
    - target: {fileID: 4016107053260789357, guid: fe9a62b2fd287d8458cde8f6a30aa380,
        type: 3}
      propertyPath: m_Pivot.y
      value: 0.5
      objectReference: {fileID: 0}
    - target: {fileID: 5666367714068894167, guid: fe9a62b2fd287d8458cde8f6a30aa380,
        type: 3}
      propertyPath: m_Name
      value: TutorialPage (2)
      objectReference: {fileID: 0}
    - target: {fileID: 7529353326773868795, guid: fe9a62b2fd287d8458cde8f6a30aa380,
        type: 3}
      propertyPath: m_margin.z
      value: 1.1421204
      objectReference: {fileID: 0}
    - target: {fileID: 7529353326773868795, guid: fe9a62b2fd287d8458cde8f6a30aa380,
        type: 3}
      propertyPath: m_textInfo.lineCount
      value: 6
      objectReference: {fileID: 0}
    - target: {fileID: 7529353326773868795, guid: fe9a62b2fd287d8458cde8f6a30aa380,
        type: 3}
      propertyPath: m_margin.x
      value: 0.30392456
      objectReference: {fileID: 0}
    - target: {fileID: 7529353326773868795, guid: fe9a62b2fd287d8458cde8f6a30aa380,
        type: 3}
      propertyPath: m_margin.y
      value: -0.3226881
      objectReference: {fileID: 0}
    - target: {fileID: 7529353326773868795, guid: fe9a62b2fd287d8458cde8f6a30aa380,
        type: 3}
      propertyPath: m_margin.w
      value: -0.09503174
      objectReference: {fileID: 0}
    - target: {fileID: 7529353326773868795, guid: fe9a62b2fd287d8458cde8f6a30aa380,
        type: 3}
      propertyPath: m_firstOverflowCharacterIndex
      value: -1
      objectReference: {fileID: 0}
    - target: {fileID: 7529353326773868795, guid: fe9a62b2fd287d8458cde8f6a30aa380,
        type: 3}
      propertyPath: m_fontSizeBase
      value: 16
      objectReference: {fileID: 0}
    - target: {fileID: 7529353326773868795, guid: fe9a62b2fd287d8458cde8f6a30aa380,
        type: 3}
      propertyPath: m_textInfo.characterCount
      value: 619
      objectReference: {fileID: 0}
    - target: {fileID: 7529353326773868795, guid: fe9a62b2fd287d8458cde8f6a30aa380,
        type: 3}
      propertyPath: m_textInfo.spaceCount
      value: 93
      objectReference: {fileID: 0}
    - target: {fileID: 7529353326773868795, guid: fe9a62b2fd287d8458cde8f6a30aa380,
        type: 3}
      propertyPath: m_textInfo.wordCount
      value: 93
      objectReference: {fileID: 0}
    - target: {fileID: 7529353326773868795, guid: fe9a62b2fd287d8458cde8f6a30aa380,
        type: 3}
      propertyPath: m_textInfo.pageCount
      value: 1
      objectReference: {fileID: 0}
    - target: {fileID: 7529353326773868795, guid: fe9a62b2fd287d8458cde8f6a30aa380,
        type: 3}
      propertyPath: m_text
      value: 'PAGE 2 Aliquam sem lorem, semper ut blandit vitae, tempus sed lectus.
        Cras porta faucibus neque ac maximus. Sed neque nisl, malesuada vitae eros
        a, suscipit cursus turpis. Mauris et odio tempor, porttitor nunc a, euismod
        magna. Quisque ac pretium neque. Integer non metus ullamcorper, luctus metus
        ac, tristique purus. Curabitur luctus aliquet sollicitudin. Vestibulum placerat
        enim vitae enim ultrices auctor. Mauris vel vehicula sem, id efficitur tellus.
        Duis nunc nibh, accumsan ut massa sed, viverra molestie est. Pellentesque
        nunc dolor, facilisis id lobortis a, tristique sit amet ligula. Nullam at
        viverra nibh. '
      objectReference: {fileID: 0}
    m_RemovedComponents: []
  m_SourcePrefab: {fileID: 100100000, guid: fe9a62b2fd287d8458cde8f6a30aa380, type: 3}
--- !u!224 &220143692036866970 stripped
RectTransform:
  m_CorrespondingSourceObject: {fileID: 4016107053260789357, guid: fe9a62b2fd287d8458cde8f6a30aa380,
    type: 3}
  m_PrefabInstance: {fileID: 3797114562863060471}
  m_PrefabAsset: {fileID: 0}
--- !u!1001 &5984189322723137748
PrefabInstance:
  m_ObjectHideFlags: 0
  serializedVersion: 2
  m_Modification:
    m_TransformParent: {fileID: 6577264983955745270}
    m_Modifications:
    - target: {fileID: 3945627280471336859, guid: ccd3832871bd7014191b2a6defbb0762,
        type: 3}
      propertyPath: m_textInfo.characterCount
      value: 9
      objectReference: {fileID: 0}
    - target: {fileID: 3945627280471336859, guid: ccd3832871bd7014191b2a6defbb0762,
        type: 3}
      propertyPath: m_textInfo.spaceCount
      value: 1
      objectReference: {fileID: 0}
    - target: {fileID: 3945627280471336859, guid: ccd3832871bd7014191b2a6defbb0762,
        type: 3}
      propertyPath: m_textInfo.wordCount
      value: 2
      objectReference: {fileID: 0}
    - target: {fileID: 3945627280471336859, guid: ccd3832871bd7014191b2a6defbb0762,
        type: 3}
      propertyPath: m_textInfo.lineCount
      value: 1
      objectReference: {fileID: 0}
    - target: {fileID: 3945627280471336859, guid: ccd3832871bd7014191b2a6defbb0762,
        type: 3}
      propertyPath: m_textInfo.pageCount
      value: 1
      objectReference: {fileID: 0}
    - target: {fileID: 3945627280471336859, guid: ccd3832871bd7014191b2a6defbb0762,
        type: 3}
      propertyPath: m_text
      value: Next Page
      objectReference: {fileID: 0}
    - target: {fileID: 3945627280471336859, guid: ccd3832871bd7014191b2a6defbb0762,
        type: 3}
      propertyPath: m_HorizontalAlignment
      value: 2
      objectReference: {fileID: 0}
    - target: {fileID: 3945627280471336859, guid: ccd3832871bd7014191b2a6defbb0762,
        type: 3}
      propertyPath: m_VerticalAlignment
      value: 512
      objectReference: {fileID: 0}
    - target: {fileID: 3945627280471336859, guid: ccd3832871bd7014191b2a6defbb0762,
        type: 3}
      propertyPath: m_fontSize
      value: 20
      objectReference: {fileID: 0}
    - target: {fileID: 3945627280471336859, guid: ccd3832871bd7014191b2a6defbb0762,
        type: 3}
      propertyPath: m_fontSizeBase
      value: 20
      objectReference: {fileID: 0}
    - target: {fileID: 3945627280471336859, guid: ccd3832871bd7014191b2a6defbb0762,
        type: 3}
      propertyPath: m_firstOverflowCharacterIndex
      value: 0
      objectReference: {fileID: 0}
    - target: {fileID: 4358331644816878127, guid: ccd3832871bd7014191b2a6defbb0762,
        type: 3}
      propertyPath: m_Name
      value: NextButton
      objectReference: {fileID: 0}
    - target: {fileID: 7490457441906153881, guid: ccd3832871bd7014191b2a6defbb0762,
        type: 3}
      propertyPath: m_LocalPosition.x
      value: 0
      objectReference: {fileID: 0}
    - target: {fileID: 7490457441906153881, guid: ccd3832871bd7014191b2a6defbb0762,
        type: 3}
      propertyPath: m_LocalPosition.y
      value: 0
      objectReference: {fileID: 0}
    - target: {fileID: 7490457441906153881, guid: ccd3832871bd7014191b2a6defbb0762,
        type: 3}
      propertyPath: m_LocalPosition.z
      value: 0
      objectReference: {fileID: 0}
    - target: {fileID: 7490457441906153881, guid: ccd3832871bd7014191b2a6defbb0762,
        type: 3}
      propertyPath: m_LocalRotation.x
      value: 0
      objectReference: {fileID: 0}
    - target: {fileID: 7490457441906153881, guid: ccd3832871bd7014191b2a6defbb0762,
        type: 3}
      propertyPath: m_LocalRotation.y
      value: 0
      objectReference: {fileID: 0}
    - target: {fileID: 7490457441906153881, guid: ccd3832871bd7014191b2a6defbb0762,
        type: 3}
      propertyPath: m_LocalRotation.z
      value: 0
      objectReference: {fileID: 0}
    - target: {fileID: 7490457441906153881, guid: ccd3832871bd7014191b2a6defbb0762,
        type: 3}
      propertyPath: m_LocalRotation.w
      value: 1
      objectReference: {fileID: 0}
    - target: {fileID: 7490457441906153881, guid: ccd3832871bd7014191b2a6defbb0762,
        type: 3}
      propertyPath: m_RootOrder
      value: 1
      objectReference: {fileID: 0}
    - target: {fileID: 7490457441906153881, guid: ccd3832871bd7014191b2a6defbb0762,
        type: 3}
      propertyPath: m_LocalEulerAnglesHint.x
      value: 0
      objectReference: {fileID: 0}
    - target: {fileID: 7490457441906153881, guid: ccd3832871bd7014191b2a6defbb0762,
        type: 3}
      propertyPath: m_LocalEulerAnglesHint.y
      value: 0
      objectReference: {fileID: 0}
    - target: {fileID: 7490457441906153881, guid: ccd3832871bd7014191b2a6defbb0762,
        type: 3}
      propertyPath: m_LocalEulerAnglesHint.z
      value: 0
      objectReference: {fileID: 0}
    - target: {fileID: 7490457441906153881, guid: ccd3832871bd7014191b2a6defbb0762,
        type: 3}
      propertyPath: m_AnchoredPosition.x
      value: 377
      objectReference: {fileID: 0}
    - target: {fileID: 7490457441906153881, guid: ccd3832871bd7014191b2a6defbb0762,
        type: 3}
      propertyPath: m_AnchoredPosition.y
      value: -338
      objectReference: {fileID: 0}
    - target: {fileID: 7490457441906153881, guid: ccd3832871bd7014191b2a6defbb0762,
        type: 3}
      propertyPath: m_SizeDelta.x
      value: 159.1872
      objectReference: {fileID: 0}
    - target: {fileID: 7490457441906153881, guid: ccd3832871bd7014191b2a6defbb0762,
        type: 3}
      propertyPath: m_SizeDelta.y
      value: 34.220703
      objectReference: {fileID: 0}
    - target: {fileID: 7490457441906153881, guid: ccd3832871bd7014191b2a6defbb0762,
        type: 3}
      propertyPath: m_AnchorMin.x
      value: 0.5
      objectReference: {fileID: 0}
    - target: {fileID: 7490457441906153881, guid: ccd3832871bd7014191b2a6defbb0762,
        type: 3}
      propertyPath: m_AnchorMin.y
      value: 0.5
      objectReference: {fileID: 0}
    - target: {fileID: 7490457441906153881, guid: ccd3832871bd7014191b2a6defbb0762,
        type: 3}
      propertyPath: m_AnchorMax.x
      value: 0.5
      objectReference: {fileID: 0}
    - target: {fileID: 7490457441906153881, guid: ccd3832871bd7014191b2a6defbb0762,
        type: 3}
      propertyPath: m_AnchorMax.y
      value: 0.5
      objectReference: {fileID: 0}
    - target: {fileID: 7490457441906153881, guid: ccd3832871bd7014191b2a6defbb0762,
        type: 3}
      propertyPath: m_Pivot.x
      value: 0.5
      objectReference: {fileID: 0}
    - target: {fileID: 7490457441906153881, guid: ccd3832871bd7014191b2a6defbb0762,
        type: 3}
      propertyPath: m_Pivot.y
      value: 0.5
      objectReference: {fileID: 0}
    - target: {fileID: 7675123283214520506, guid: ccd3832871bd7014191b2a6defbb0762,
        type: 3}
      propertyPath: m_OnClick.m_PersistentCalls.m_Calls.Array.size
      value: 1
      objectReference: {fileID: 0}
    - target: {fileID: 7675123283214520506, guid: ccd3832871bd7014191b2a6defbb0762,
        type: 3}
      propertyPath: m_OnClick.m_PersistentCalls.m_Calls.Array.data[0].m_Mode
      value: 1
      objectReference: {fileID: 0}
    - target: {fileID: 7675123283214520506, guid: ccd3832871bd7014191b2a6defbb0762,
        type: 3}
      propertyPath: m_OnClick.m_PersistentCalls.m_Calls.Array.data[0].m_CallState
      value: 2
      objectReference: {fileID: 0}
    - target: {fileID: 7675123283214520506, guid: ccd3832871bd7014191b2a6defbb0762,
        type: 3}
      propertyPath: m_OnClick.m_PersistentCalls.m_Calls.Array.data[0].m_Target
      value: 
      objectReference: {fileID: 1689021021221857484}
    - target: {fileID: 7675123283214520506, guid: ccd3832871bd7014191b2a6defbb0762,
        type: 3}
      propertyPath: m_OnClick.m_PersistentCalls.m_Calls.Array.data[0].m_MethodName
      value: NextPage
      objectReference: {fileID: 0}
    - target: {fileID: 7675123283214520506, guid: ccd3832871bd7014191b2a6defbb0762,
        type: 3}
      propertyPath: m_OnClick.m_PersistentCalls.m_Calls.Array.data[0].m_Arguments.m_ObjectArgumentAssemblyTypeName
      value: UnityEngine.Object, UnityEngine
      objectReference: {fileID: 0}
    m_RemovedComponents: []
  m_SourcePrefab: {fileID: 100100000, guid: ccd3832871bd7014191b2a6defbb0762, type: 3}
--- !u!224 &3818893195289706829 stripped
RectTransform:
  m_CorrespondingSourceObject: {fileID: 7490457441906153881, guid: ccd3832871bd7014191b2a6defbb0762,
    type: 3}
  m_PrefabInstance: {fileID: 5984189322723137748}
  m_PrefabAsset: {fileID: 0}
--- !u!1001 &6877518631556631125
PrefabInstance:
  m_ObjectHideFlags: 0
  serializedVersion: 2
  m_Modification:
    m_TransformParent: {fileID: 6577264983955745270}
    m_Modifications:
    - target: {fileID: 3945627280471336859, guid: ccd3832871bd7014191b2a6defbb0762,
        type: 3}
      propertyPath: m_textInfo.characterCount
      value: 1
      objectReference: {fileID: 0}
    - target: {fileID: 3945627280471336859, guid: ccd3832871bd7014191b2a6defbb0762,
        type: 3}
      propertyPath: m_textInfo.spaceCount
      value: 0
      objectReference: {fileID: 0}
    - target: {fileID: 3945627280471336859, guid: ccd3832871bd7014191b2a6defbb0762,
        type: 3}
      propertyPath: m_textInfo.wordCount
      value: 1
      objectReference: {fileID: 0}
    - target: {fileID: 3945627280471336859, guid: ccd3832871bd7014191b2a6defbb0762,
        type: 3}
      propertyPath: m_textInfo.lineCount
      value: 1
      objectReference: {fileID: 0}
    - target: {fileID: 3945627280471336859, guid: ccd3832871bd7014191b2a6defbb0762,
        type: 3}
      propertyPath: m_textInfo.pageCount
      value: 1
      objectReference: {fileID: 0}
    - target: {fileID: 3945627280471336859, guid: ccd3832871bd7014191b2a6defbb0762,
        type: 3}
      propertyPath: m_text
      value: X
      objectReference: {fileID: 0}
    - target: {fileID: 4358331644816878127, guid: ccd3832871bd7014191b2a6defbb0762,
        type: 3}
      propertyPath: m_Name
      value: CloseButton
      objectReference: {fileID: 0}
    - target: {fileID: 5442215570991587260, guid: ccd3832871bd7014191b2a6defbb0762,
        type: 3}
      propertyPath: m_IsActive
      value: 0
      objectReference: {fileID: 0}
    - target: {fileID: 7490457441906153881, guid: ccd3832871bd7014191b2a6defbb0762,
        type: 3}
      propertyPath: m_LocalPosition.x
      value: 0
      objectReference: {fileID: 0}
    - target: {fileID: 7490457441906153881, guid: ccd3832871bd7014191b2a6defbb0762,
        type: 3}
      propertyPath: m_LocalPosition.y
      value: 0
      objectReference: {fileID: 0}
    - target: {fileID: 7490457441906153881, guid: ccd3832871bd7014191b2a6defbb0762,
        type: 3}
      propertyPath: m_LocalPosition.z
      value: 0
      objectReference: {fileID: 0}
    - target: {fileID: 7490457441906153881, guid: ccd3832871bd7014191b2a6defbb0762,
        type: 3}
      propertyPath: m_LocalRotation.x
      value: 0
      objectReference: {fileID: 0}
    - target: {fileID: 7490457441906153881, guid: ccd3832871bd7014191b2a6defbb0762,
        type: 3}
      propertyPath: m_LocalRotation.y
      value: 0
      objectReference: {fileID: 0}
    - target: {fileID: 7490457441906153881, guid: ccd3832871bd7014191b2a6defbb0762,
        type: 3}
      propertyPath: m_LocalRotation.z
      value: 0
      objectReference: {fileID: 0}
    - target: {fileID: 7490457441906153881, guid: ccd3832871bd7014191b2a6defbb0762,
        type: 3}
      propertyPath: m_LocalRotation.w
      value: 1
      objectReference: {fileID: 0}
    - target: {fileID: 7490457441906153881, guid: ccd3832871bd7014191b2a6defbb0762,
        type: 3}
      propertyPath: m_RootOrder
      value: 3
      objectReference: {fileID: 0}
    - target: {fileID: 7490457441906153881, guid: ccd3832871bd7014191b2a6defbb0762,
        type: 3}
      propertyPath: m_LocalEulerAnglesHint.x
      value: 0
      objectReference: {fileID: 0}
    - target: {fileID: 7490457441906153881, guid: ccd3832871bd7014191b2a6defbb0762,
        type: 3}
      propertyPath: m_LocalEulerAnglesHint.y
      value: 0
      objectReference: {fileID: 0}
    - target: {fileID: 7490457441906153881, guid: ccd3832871bd7014191b2a6defbb0762,
        type: 3}
      propertyPath: m_LocalEulerAnglesHint.z
      value: 0
      objectReference: {fileID: 0}
    - target: {fileID: 7490457441906153881, guid: ccd3832871bd7014191b2a6defbb0762,
        type: 3}
      propertyPath: m_AnchoredPosition.x
      value: 440.28
      objectReference: {fileID: 0}
    - target: {fileID: 7490457441906153881, guid: ccd3832871bd7014191b2a6defbb0762,
        type: 3}
      propertyPath: m_AnchoredPosition.y
      value: 344.73
      objectReference: {fileID: 0}
    - target: {fileID: 7490457441906153881, guid: ccd3832871bd7014191b2a6defbb0762,
        type: 3}
      propertyPath: m_SizeDelta.x
      value: 62.77214
      objectReference: {fileID: 0}
    - target: {fileID: 7490457441906153881, guid: ccd3832871bd7014191b2a6defbb0762,
        type: 3}
      propertyPath: m_SizeDelta.y
      value: 58.246155
      objectReference: {fileID: 0}
    - target: {fileID: 7490457441906153881, guid: ccd3832871bd7014191b2a6defbb0762,
        type: 3}
      propertyPath: m_AnchorMin.x
      value: 0.5
      objectReference: {fileID: 0}
    - target: {fileID: 7490457441906153881, guid: ccd3832871bd7014191b2a6defbb0762,
        type: 3}
      propertyPath: m_AnchorMin.y
      value: 0.5
      objectReference: {fileID: 0}
    - target: {fileID: 7490457441906153881, guid: ccd3832871bd7014191b2a6defbb0762,
        type: 3}
      propertyPath: m_AnchorMax.x
      value: 0.5
      objectReference: {fileID: 0}
    - target: {fileID: 7490457441906153881, guid: ccd3832871bd7014191b2a6defbb0762,
        type: 3}
      propertyPath: m_AnchorMax.y
      value: 0.5
      objectReference: {fileID: 0}
    - target: {fileID: 7490457441906153881, guid: ccd3832871bd7014191b2a6defbb0762,
        type: 3}
      propertyPath: m_Pivot.x
      value: 0.5
      objectReference: {fileID: 0}
    - target: {fileID: 7490457441906153881, guid: ccd3832871bd7014191b2a6defbb0762,
        type: 3}
      propertyPath: m_Pivot.y
      value: 0.5
      objectReference: {fileID: 0}
    - target: {fileID: 7675123283214520506, guid: ccd3832871bd7014191b2a6defbb0762,
        type: 3}
      propertyPath: m_OnClick.m_PersistentCalls.m_Calls.Array.size
      value: 1
      objectReference: {fileID: 0}
    - target: {fileID: 7675123283214520506, guid: ccd3832871bd7014191b2a6defbb0762,
        type: 3}
      propertyPath: m_OnClick.m_PersistentCalls.m_Calls.Array.data[0].m_Mode
      value: 1
      objectReference: {fileID: 0}
    - target: {fileID: 7675123283214520506, guid: ccd3832871bd7014191b2a6defbb0762,
        type: 3}
      propertyPath: m_OnClick.m_PersistentCalls.m_Calls.Array.data[0].m_CallState
      value: 2
      objectReference: {fileID: 0}
    - target: {fileID: 7675123283214520506, guid: ccd3832871bd7014191b2a6defbb0762,
        type: 3}
      propertyPath: m_OnClick.m_PersistentCalls.m_Calls.Array.data[0].m_Target
      value: 
      objectReference: {fileID: 1689021021221857484}
    - target: {fileID: 7675123283214520506, guid: ccd3832871bd7014191b2a6defbb0762,
        type: 3}
      propertyPath: m_OnClick.m_PersistentCalls.m_Calls.Array.data[0].m_MethodName
      value: CloseButton
      objectReference: {fileID: 0}
    - target: {fileID: 7675123283214520506, guid: ccd3832871bd7014191b2a6defbb0762,
        type: 3}
      propertyPath: m_OnClick.m_PersistentCalls.m_Calls.Array.data[0].m_Arguments.m_ObjectArgumentAssemblyTypeName
      value: UnityEngine.Object, UnityEngine
      objectReference: {fileID: 0}
    - target: {fileID: 8688272911609446039, guid: ccd3832871bd7014191b2a6defbb0762,
        type: 3}
      propertyPath: m_Sprite
      value: 
      objectReference: {fileID: 21300000, guid: b9529eb12228f0347a1207ece11091d8,
        type: 3}
    m_RemovedComponents: []
  m_SourcePrefab: {fileID: 100100000, guid: ccd3832871bd7014191b2a6defbb0762, type: 3}
--- !u!224 &4072003495474959308 stripped
RectTransform:
  m_CorrespondingSourceObject: {fileID: 7490457441906153881, guid: ccd3832871bd7014191b2a6defbb0762,
    type: 3}
  m_PrefabInstance: {fileID: 6877518631556631125}
  m_PrefabAsset: {fileID: 0}
--- !u!1001 &7227472133117154910
PrefabInstance:
  m_ObjectHideFlags: 0
  serializedVersion: 2
  m_Modification:
    m_TransformParent: {fileID: 2609183615555853847}
    m_Modifications:
    - target: {fileID: 4016107053260789357, guid: fe9a62b2fd287d8458cde8f6a30aa380,
        type: 3}
      propertyPath: m_LocalPosition.x
      value: 0
      objectReference: {fileID: 0}
    - target: {fileID: 4016107053260789357, guid: fe9a62b2fd287d8458cde8f6a30aa380,
        type: 3}
      propertyPath: m_LocalPosition.y
      value: 0
      objectReference: {fileID: 0}
    - target: {fileID: 4016107053260789357, guid: fe9a62b2fd287d8458cde8f6a30aa380,
        type: 3}
      propertyPath: m_LocalPosition.z
      value: 0
      objectReference: {fileID: 0}
    - target: {fileID: 4016107053260789357, guid: fe9a62b2fd287d8458cde8f6a30aa380,
        type: 3}
      propertyPath: m_LocalRotation.x
      value: -0
      objectReference: {fileID: 0}
    - target: {fileID: 4016107053260789357, guid: fe9a62b2fd287d8458cde8f6a30aa380,
        type: 3}
      propertyPath: m_LocalRotation.y
      value: -0
      objectReference: {fileID: 0}
    - target: {fileID: 4016107053260789357, guid: fe9a62b2fd287d8458cde8f6a30aa380,
        type: 3}
      propertyPath: m_LocalRotation.z
      value: -0
      objectReference: {fileID: 0}
    - target: {fileID: 4016107053260789357, guid: fe9a62b2fd287d8458cde8f6a30aa380,
        type: 3}
      propertyPath: m_LocalRotation.w
      value: 1
      objectReference: {fileID: 0}
    - target: {fileID: 4016107053260789357, guid: fe9a62b2fd287d8458cde8f6a30aa380,
        type: 3}
      propertyPath: m_RootOrder
      value: 2
      objectReference: {fileID: 0}
    - target: {fileID: 4016107053260789357, guid: fe9a62b2fd287d8458cde8f6a30aa380,
        type: 3}
      propertyPath: m_LocalEulerAnglesHint.x
      value: 0
      objectReference: {fileID: 0}
    - target: {fileID: 4016107053260789357, guid: fe9a62b2fd287d8458cde8f6a30aa380,
        type: 3}
      propertyPath: m_LocalEulerAnglesHint.y
      value: 0
      objectReference: {fileID: 0}
    - target: {fileID: 4016107053260789357, guid: fe9a62b2fd287d8458cde8f6a30aa380,
        type: 3}
      propertyPath: m_LocalEulerAnglesHint.z
      value: 0
      objectReference: {fileID: 0}
    - target: {fileID: 4016107053260789357, guid: fe9a62b2fd287d8458cde8f6a30aa380,
        type: 3}
      propertyPath: m_AnchoredPosition.x
      value: 0
      objectReference: {fileID: 0}
    - target: {fileID: 4016107053260789357, guid: fe9a62b2fd287d8458cde8f6a30aa380,
        type: 3}
      propertyPath: m_AnchoredPosition.y
      value: 0
      objectReference: {fileID: 0}
    - target: {fileID: 4016107053260789357, guid: fe9a62b2fd287d8458cde8f6a30aa380,
        type: 3}
      propertyPath: m_SizeDelta.x
      value: 100
      objectReference: {fileID: 0}
    - target: {fileID: 4016107053260789357, guid: fe9a62b2fd287d8458cde8f6a30aa380,
        type: 3}
      propertyPath: m_SizeDelta.y
      value: 100
      objectReference: {fileID: 0}
    - target: {fileID: 4016107053260789357, guid: fe9a62b2fd287d8458cde8f6a30aa380,
        type: 3}
      propertyPath: m_AnchorMin.x
      value: 0.5
      objectReference: {fileID: 0}
    - target: {fileID: 4016107053260789357, guid: fe9a62b2fd287d8458cde8f6a30aa380,
        type: 3}
      propertyPath: m_AnchorMin.y
      value: 0.5
      objectReference: {fileID: 0}
    - target: {fileID: 4016107053260789357, guid: fe9a62b2fd287d8458cde8f6a30aa380,
        type: 3}
      propertyPath: m_AnchorMax.x
      value: 0.5
      objectReference: {fileID: 0}
    - target: {fileID: 4016107053260789357, guid: fe9a62b2fd287d8458cde8f6a30aa380,
        type: 3}
      propertyPath: m_AnchorMax.y
      value: 0.5
      objectReference: {fileID: 0}
    - target: {fileID: 4016107053260789357, guid: fe9a62b2fd287d8458cde8f6a30aa380,
        type: 3}
      propertyPath: m_Pivot.x
      value: 0.5
      objectReference: {fileID: 0}
    - target: {fileID: 4016107053260789357, guid: fe9a62b2fd287d8458cde8f6a30aa380,
        type: 3}
      propertyPath: m_Pivot.y
      value: 0.5
      objectReference: {fileID: 0}
    - target: {fileID: 5666367714068894167, guid: fe9a62b2fd287d8458cde8f6a30aa380,
        type: 3}
      propertyPath: m_Name
      value: TutorialPage (3)
      objectReference: {fileID: 0}
    - target: {fileID: 7529353326773868795, guid: fe9a62b2fd287d8458cde8f6a30aa380,
        type: 3}
      propertyPath: m_margin.z
      value: 1.1421204
      objectReference: {fileID: 0}
    - target: {fileID: 7529353326773868795, guid: fe9a62b2fd287d8458cde8f6a30aa380,
        type: 3}
      propertyPath: m_textInfo.lineCount
      value: 6
      objectReference: {fileID: 0}
    - target: {fileID: 7529353326773868795, guid: fe9a62b2fd287d8458cde8f6a30aa380,
        type: 3}
      propertyPath: m_margin.x
      value: 0.30392456
      objectReference: {fileID: 0}
    - target: {fileID: 7529353326773868795, guid: fe9a62b2fd287d8458cde8f6a30aa380,
        type: 3}
      propertyPath: m_margin.y
      value: -0.3226881
      objectReference: {fileID: 0}
    - target: {fileID: 7529353326773868795, guid: fe9a62b2fd287d8458cde8f6a30aa380,
        type: 3}
      propertyPath: m_margin.w
      value: -0.09503174
      objectReference: {fileID: 0}
    - target: {fileID: 7529353326773868795, guid: fe9a62b2fd287d8458cde8f6a30aa380,
        type: 3}
      propertyPath: m_firstOverflowCharacterIndex
      value: -1
      objectReference: {fileID: 0}
    - target: {fileID: 7529353326773868795, guid: fe9a62b2fd287d8458cde8f6a30aa380,
        type: 3}
      propertyPath: m_fontSizeBase
      value: 16
      objectReference: {fileID: 0}
    - target: {fileID: 7529353326773868795, guid: fe9a62b2fd287d8458cde8f6a30aa380,
        type: 3}
      propertyPath: m_textInfo.characterCount
      value: 644
      objectReference: {fileID: 0}
    - target: {fileID: 7529353326773868795, guid: fe9a62b2fd287d8458cde8f6a30aa380,
        type: 3}
      propertyPath: m_textInfo.spaceCount
      value: 93
      objectReference: {fileID: 0}
    - target: {fileID: 7529353326773868795, guid: fe9a62b2fd287d8458cde8f6a30aa380,
        type: 3}
      propertyPath: m_textInfo.wordCount
      value: 93
      objectReference: {fileID: 0}
    - target: {fileID: 7529353326773868795, guid: fe9a62b2fd287d8458cde8f6a30aa380,
        type: 3}
      propertyPath: m_textInfo.pageCount
      value: 1
      objectReference: {fileID: 0}
    - target: {fileID: 7529353326773868795, guid: fe9a62b2fd287d8458cde8f6a30aa380,
        type: 3}
      propertyPath: m_text
      value: 'PAGE 3Aliquam nisi nulla, dapibus et posuere a, lobortis id nunc. Integer
        sit amet rutrum eros, ut tristique dolor. Nunc massa orci, viverra non aliquet
        non, dictum nec velit. Praesent tempus aliquam convallis. Class aptent taciti
        sociosqu ad litora torquent per conubia nostra, per inceptos himenaeos. Ut
        hendrerit euismod mi. Duis molestie non risus vitae malesuada. Quisque ultrices
        accumsan imperdiet. Suspendisse dapibus leo orci, eu lobortis metus malesuada
        id. In hac habitasse platea dictumst. Aliquam erat volutpat. Aenean vulputate
        neque massa, quis consectetur purus faucibus eu. Nullam porttitor tortor
        ut nisi tincidunt elementum. '
      objectReference: {fileID: 0}
    m_RemovedComponents: []
  m_SourcePrefab: {fileID: 100100000, guid: fe9a62b2fd287d8458cde8f6a30aa380, type: 3}
--- !u!224 &6048676842795647027 stripped
RectTransform:
  m_CorrespondingSourceObject: {fileID: 4016107053260789357, guid: fe9a62b2fd287d8458cde8f6a30aa380,
    type: 3}
  m_PrefabInstance: {fileID: 7227472133117154910}
  m_PrefabAsset: {fileID: 0}
--- !u!1001 &7857368404608865685
PrefabInstance:
  m_ObjectHideFlags: 0
  serializedVersion: 2
  m_Modification:
    m_TransformParent: {fileID: 2609183615555853847}
    m_Modifications:
    - target: {fileID: 4016107053260789357, guid: fe9a62b2fd287d8458cde8f6a30aa380,
        type: 3}
      propertyPath: m_LocalPosition.x
      value: 0
      objectReference: {fileID: 0}
    - target: {fileID: 4016107053260789357, guid: fe9a62b2fd287d8458cde8f6a30aa380,
        type: 3}
      propertyPath: m_LocalPosition.y
      value: 0
      objectReference: {fileID: 0}
    - target: {fileID: 4016107053260789357, guid: fe9a62b2fd287d8458cde8f6a30aa380,
        type: 3}
      propertyPath: m_LocalPosition.z
      value: 0
      objectReference: {fileID: 0}
    - target: {fileID: 4016107053260789357, guid: fe9a62b2fd287d8458cde8f6a30aa380,
        type: 3}
      propertyPath: m_LocalRotation.x
      value: -0
      objectReference: {fileID: 0}
    - target: {fileID: 4016107053260789357, guid: fe9a62b2fd287d8458cde8f6a30aa380,
        type: 3}
      propertyPath: m_LocalRotation.y
      value: -0
      objectReference: {fileID: 0}
    - target: {fileID: 4016107053260789357, guid: fe9a62b2fd287d8458cde8f6a30aa380,
        type: 3}
      propertyPath: m_LocalRotation.z
      value: -0
      objectReference: {fileID: 0}
    - target: {fileID: 4016107053260789357, guid: fe9a62b2fd287d8458cde8f6a30aa380,
        type: 3}
      propertyPath: m_LocalRotation.w
      value: 1
      objectReference: {fileID: 0}
    - target: {fileID: 4016107053260789357, guid: fe9a62b2fd287d8458cde8f6a30aa380,
        type: 3}
      propertyPath: m_RootOrder
      value: 3
      objectReference: {fileID: 0}
    - target: {fileID: 4016107053260789357, guid: fe9a62b2fd287d8458cde8f6a30aa380,
        type: 3}
      propertyPath: m_LocalEulerAnglesHint.x
      value: 0
      objectReference: {fileID: 0}
    - target: {fileID: 4016107053260789357, guid: fe9a62b2fd287d8458cde8f6a30aa380,
        type: 3}
      propertyPath: m_LocalEulerAnglesHint.y
      value: 0
      objectReference: {fileID: 0}
    - target: {fileID: 4016107053260789357, guid: fe9a62b2fd287d8458cde8f6a30aa380,
        type: 3}
      propertyPath: m_LocalEulerAnglesHint.z
      value: 0
      objectReference: {fileID: 0}
    - target: {fileID: 4016107053260789357, guid: fe9a62b2fd287d8458cde8f6a30aa380,
        type: 3}
      propertyPath: m_AnchoredPosition.x
      value: 0
      objectReference: {fileID: 0}
    - target: {fileID: 4016107053260789357, guid: fe9a62b2fd287d8458cde8f6a30aa380,
        type: 3}
      propertyPath: m_AnchoredPosition.y
      value: 0
      objectReference: {fileID: 0}
    - target: {fileID: 4016107053260789357, guid: fe9a62b2fd287d8458cde8f6a30aa380,
        type: 3}
      propertyPath: m_SizeDelta.x
      value: 100
      objectReference: {fileID: 0}
    - target: {fileID: 4016107053260789357, guid: fe9a62b2fd287d8458cde8f6a30aa380,
        type: 3}
      propertyPath: m_SizeDelta.y
      value: 100
      objectReference: {fileID: 0}
    - target: {fileID: 4016107053260789357, guid: fe9a62b2fd287d8458cde8f6a30aa380,
        type: 3}
      propertyPath: m_AnchorMin.x
      value: 0.5
      objectReference: {fileID: 0}
    - target: {fileID: 4016107053260789357, guid: fe9a62b2fd287d8458cde8f6a30aa380,
        type: 3}
      propertyPath: m_AnchorMin.y
      value: 0.5
      objectReference: {fileID: 0}
    - target: {fileID: 4016107053260789357, guid: fe9a62b2fd287d8458cde8f6a30aa380,
        type: 3}
      propertyPath: m_AnchorMax.x
      value: 0.5
      objectReference: {fileID: 0}
    - target: {fileID: 4016107053260789357, guid: fe9a62b2fd287d8458cde8f6a30aa380,
        type: 3}
      propertyPath: m_AnchorMax.y
      value: 0.5
      objectReference: {fileID: 0}
    - target: {fileID: 4016107053260789357, guid: fe9a62b2fd287d8458cde8f6a30aa380,
        type: 3}
      propertyPath: m_Pivot.x
      value: 0.5
      objectReference: {fileID: 0}
    - target: {fileID: 4016107053260789357, guid: fe9a62b2fd287d8458cde8f6a30aa380,
        type: 3}
      propertyPath: m_Pivot.y
      value: 0.5
      objectReference: {fileID: 0}
    - target: {fileID: 5666367714068894167, guid: fe9a62b2fd287d8458cde8f6a30aa380,
        type: 3}
      propertyPath: m_Name
      value: TutorialPage (4)
      objectReference: {fileID: 0}
    - target: {fileID: 7529353326773868795, guid: fe9a62b2fd287d8458cde8f6a30aa380,
        type: 3}
      propertyPath: m_margin.z
      value: 1.1421204
      objectReference: {fileID: 0}
    - target: {fileID: 7529353326773868795, guid: fe9a62b2fd287d8458cde8f6a30aa380,
        type: 3}
      propertyPath: m_textInfo.lineCount
      value: 4
      objectReference: {fileID: 0}
    - target: {fileID: 7529353326773868795, guid: fe9a62b2fd287d8458cde8f6a30aa380,
        type: 3}
      propertyPath: m_margin.x
      value: 0.30392456
      objectReference: {fileID: 0}
    - target: {fileID: 7529353326773868795, guid: fe9a62b2fd287d8458cde8f6a30aa380,
        type: 3}
      propertyPath: m_margin.y
      value: -0.3226881
      objectReference: {fileID: 0}
    - target: {fileID: 7529353326773868795, guid: fe9a62b2fd287d8458cde8f6a30aa380,
        type: 3}
      propertyPath: m_margin.w
      value: -0.09503174
      objectReference: {fileID: 0}
    - target: {fileID: 7529353326773868795, guid: fe9a62b2fd287d8458cde8f6a30aa380,
        type: 3}
      propertyPath: m_firstOverflowCharacterIndex
      value: -1
      objectReference: {fileID: 0}
    - target: {fileID: 7529353326773868795, guid: fe9a62b2fd287d8458cde8f6a30aa380,
        type: 3}
      propertyPath: m_fontSizeBase
      value: 16
      objectReference: {fileID: 0}
    - target: {fileID: 7529353326773868795, guid: fe9a62b2fd287d8458cde8f6a30aa380,
        type: 3}
      propertyPath: m_textInfo.characterCount
      value: 455
      objectReference: {fileID: 0}
    - target: {fileID: 7529353326773868795, guid: fe9a62b2fd287d8458cde8f6a30aa380,
        type: 3}
      propertyPath: m_textInfo.spaceCount
      value: 65
      objectReference: {fileID: 0}
    - target: {fileID: 7529353326773868795, guid: fe9a62b2fd287d8458cde8f6a30aa380,
        type: 3}
      propertyPath: m_textInfo.wordCount
      value: 65
      objectReference: {fileID: 0}
    - target: {fileID: 7529353326773868795, guid: fe9a62b2fd287d8458cde8f6a30aa380,
        type: 3}
      propertyPath: m_textInfo.pageCount
      value: 1
      objectReference: {fileID: 0}
    - target: {fileID: 7529353326773868795, guid: fe9a62b2fd287d8458cde8f6a30aa380,
        type: 3}
      propertyPath: m_text
      value: 'PAGE 4Cras vestibulum convallis finibus. Integer rutrum porttitor odio
        eget congue. Donec velit est, sollicitudin sed sollicitudin ac, ornare sit
        amet ante. Aenean eleifend pharetra semper. In at ex malesuada, consectetur
        urna non, porta lectus. Pellentesque habitant morbi tristique senectus et
        netus et malesuada fames ac turpis egestas. Donec semper cursus scelerisque.
        Vestibulum id enim ex. Donec efficitur massa libero, eu auctor mauris gravida
        ac. '
      objectReference: {fileID: 0}
    m_RemovedComponents: []
  m_SourcePrefab: {fileID: 100100000, guid: fe9a62b2fd287d8458cde8f6a30aa380, type: 3}
--- !u!224 &6536674662986417144 stripped
RectTransform:
  m_CorrespondingSourceObject: {fileID: 4016107053260789357, guid: fe9a62b2fd287d8458cde8f6a30aa380,
    type: 3}
  m_PrefabInstance: {fileID: 7857368404608865685}
  m_PrefabAsset: {fileID: 0}
--- !u!1001 &8206761707180319724
PrefabInstance:
  m_ObjectHideFlags: 0
  serializedVersion: 2
  m_Modification:
    m_TransformParent: {fileID: 6577264983955745270}
    m_Modifications:
    - target: {fileID: 3945627280471336859, guid: ccd3832871bd7014191b2a6defbb0762,
        type: 3}
      propertyPath: m_textInfo.characterCount
      value: 13
      objectReference: {fileID: 0}
    - target: {fileID: 3945627280471336859, guid: ccd3832871bd7014191b2a6defbb0762,
        type: 3}
      propertyPath: m_textInfo.spaceCount
      value: 1
      objectReference: {fileID: 0}
    - target: {fileID: 3945627280471336859, guid: ccd3832871bd7014191b2a6defbb0762,
        type: 3}
      propertyPath: m_textInfo.wordCount
      value: 2
      objectReference: {fileID: 0}
    - target: {fileID: 3945627280471336859, guid: ccd3832871bd7014191b2a6defbb0762,
        type: 3}
      propertyPath: m_textInfo.lineCount
      value: 1
      objectReference: {fileID: 0}
    - target: {fileID: 3945627280471336859, guid: ccd3832871bd7014191b2a6defbb0762,
        type: 3}
      propertyPath: m_textInfo.pageCount
      value: 1
      objectReference: {fileID: 0}
    - target: {fileID: 3945627280471336859, guid: ccd3832871bd7014191b2a6defbb0762,
        type: 3}
      propertyPath: m_text
      value: Previous Page
      objectReference: {fileID: 0}
    - target: {fileID: 3945627280471336859, guid: ccd3832871bd7014191b2a6defbb0762,
        type: 3}
      propertyPath: m_fontSize
      value: 20
      objectReference: {fileID: 0}
    - target: {fileID: 3945627280471336859, guid: ccd3832871bd7014191b2a6defbb0762,
        type: 3}
      propertyPath: m_fontSizeBase
      value: 20
      objectReference: {fileID: 0}
    - target: {fileID: 3945627280471336859, guid: ccd3832871bd7014191b2a6defbb0762,
        type: 3}
      propertyPath: m_firstOverflowCharacterIndex
      value: 0
      objectReference: {fileID: 0}
    - target: {fileID: 4358331644816878127, guid: ccd3832871bd7014191b2a6defbb0762,
        type: 3}
      propertyPath: m_Name
      value: BackButton
      objectReference: {fileID: 0}
    - target: {fileID: 7490457441906153881, guid: ccd3832871bd7014191b2a6defbb0762,
        type: 3}
      propertyPath: m_LocalPosition.x
      value: 0
      objectReference: {fileID: 0}
    - target: {fileID: 7490457441906153881, guid: ccd3832871bd7014191b2a6defbb0762,
        type: 3}
      propertyPath: m_LocalPosition.y
      value: 0
      objectReference: {fileID: 0}
    - target: {fileID: 7490457441906153881, guid: ccd3832871bd7014191b2a6defbb0762,
        type: 3}
      propertyPath: m_LocalPosition.z
      value: 0
      objectReference: {fileID: 0}
    - target: {fileID: 7490457441906153881, guid: ccd3832871bd7014191b2a6defbb0762,
        type: 3}
      propertyPath: m_LocalRotation.x
      value: 0
      objectReference: {fileID: 0}
    - target: {fileID: 7490457441906153881, guid: ccd3832871bd7014191b2a6defbb0762,
        type: 3}
      propertyPath: m_LocalRotation.y
      value: 0
      objectReference: {fileID: 0}
    - target: {fileID: 7490457441906153881, guid: ccd3832871bd7014191b2a6defbb0762,
        type: 3}
      propertyPath: m_LocalRotation.z
      value: 0
      objectReference: {fileID: 0}
    - target: {fileID: 7490457441906153881, guid: ccd3832871bd7014191b2a6defbb0762,
        type: 3}
      propertyPath: m_LocalRotation.w
      value: 1
      objectReference: {fileID: 0}
    - target: {fileID: 7490457441906153881, guid: ccd3832871bd7014191b2a6defbb0762,
        type: 3}
      propertyPath: m_RootOrder
      value: 2
      objectReference: {fileID: 0}
    - target: {fileID: 7490457441906153881, guid: ccd3832871bd7014191b2a6defbb0762,
        type: 3}
      propertyPath: m_LocalEulerAnglesHint.x
      value: 0
      objectReference: {fileID: 0}
    - target: {fileID: 7490457441906153881, guid: ccd3832871bd7014191b2a6defbb0762,
        type: 3}
      propertyPath: m_LocalEulerAnglesHint.y
      value: 0
      objectReference: {fileID: 0}
    - target: {fileID: 7490457441906153881, guid: ccd3832871bd7014191b2a6defbb0762,
        type: 3}
      propertyPath: m_LocalEulerAnglesHint.z
      value: 0
      objectReference: {fileID: 0}
    - target: {fileID: 7490457441906153881, guid: ccd3832871bd7014191b2a6defbb0762,
        type: 3}
      propertyPath: m_AnchoredPosition.x
      value: -362
      objectReference: {fileID: 0}
    - target: {fileID: 7490457441906153881, guid: ccd3832871bd7014191b2a6defbb0762,
        type: 3}
      propertyPath: m_AnchoredPosition.y
      value: -338
      objectReference: {fileID: 0}
    - target: {fileID: 7490457441906153881, guid: ccd3832871bd7014191b2a6defbb0762,
        type: 3}
      propertyPath: m_SizeDelta.x
      value: 159.1872
      objectReference: {fileID: 0}
    - target: {fileID: 7490457441906153881, guid: ccd3832871bd7014191b2a6defbb0762,
        type: 3}
      propertyPath: m_SizeDelta.y
      value: 34.220703
      objectReference: {fileID: 0}
    - target: {fileID: 7490457441906153881, guid: ccd3832871bd7014191b2a6defbb0762,
        type: 3}
      propertyPath: m_AnchorMin.x
      value: 0.5
      objectReference: {fileID: 0}
    - target: {fileID: 7490457441906153881, guid: ccd3832871bd7014191b2a6defbb0762,
        type: 3}
      propertyPath: m_AnchorMin.y
      value: 0.5
      objectReference: {fileID: 0}
    - target: {fileID: 7490457441906153881, guid: ccd3832871bd7014191b2a6defbb0762,
        type: 3}
      propertyPath: m_AnchorMax.x
      value: 0.5
      objectReference: {fileID: 0}
    - target: {fileID: 7490457441906153881, guid: ccd3832871bd7014191b2a6defbb0762,
        type: 3}
      propertyPath: m_AnchorMax.y
      value: 0.5
      objectReference: {fileID: 0}
    - target: {fileID: 7490457441906153881, guid: ccd3832871bd7014191b2a6defbb0762,
        type: 3}
      propertyPath: m_Pivot.x
      value: 0.5
      objectReference: {fileID: 0}
    - target: {fileID: 7490457441906153881, guid: ccd3832871bd7014191b2a6defbb0762,
        type: 3}
      propertyPath: m_Pivot.y
      value: 0.5
      objectReference: {fileID: 0}
    - target: {fileID: 7675123283214520506, guid: ccd3832871bd7014191b2a6defbb0762,
        type: 3}
      propertyPath: m_OnClick.m_PersistentCalls.m_Calls.Array.size
      value: 1
      objectReference: {fileID: 0}
    - target: {fileID: 7675123283214520506, guid: ccd3832871bd7014191b2a6defbb0762,
        type: 3}
      propertyPath: m_OnClick.m_PersistentCalls.m_Calls.Array.data[0].m_Mode
      value: 1
      objectReference: {fileID: 0}
    - target: {fileID: 7675123283214520506, guid: ccd3832871bd7014191b2a6defbb0762,
        type: 3}
      propertyPath: m_OnClick.m_PersistentCalls.m_Calls.Array.data[0].m_CallState
      value: 2
      objectReference: {fileID: 0}
    - target: {fileID: 7675123283214520506, guid: ccd3832871bd7014191b2a6defbb0762,
        type: 3}
      propertyPath: m_OnClick.m_PersistentCalls.m_Calls.Array.data[0].m_Target
      value: 
      objectReference: {fileID: 1689021021221857484}
    - target: {fileID: 7675123283214520506, guid: ccd3832871bd7014191b2a6defbb0762,
        type: 3}
      propertyPath: m_OnClick.m_PersistentCalls.m_Calls.Array.data[0].m_MethodName
      value: PreviousPage
      objectReference: {fileID: 0}
    - target: {fileID: 7675123283214520506, guid: ccd3832871bd7014191b2a6defbb0762,
        type: 3}
      propertyPath: m_OnClick.m_PersistentCalls.m_Calls.Array.data[0].m_Arguments.m_ObjectArgumentAssemblyTypeName
      value: UnityEngine.Object, UnityEngine
      objectReference: {fileID: 0}
    m_RemovedComponents: []
  m_SourcePrefab: {fileID: 100100000, guid: ccd3832871bd7014191b2a6defbb0762, type: 3}
--- !u!224 &1591799344409721461 stripped
RectTransform:
  m_CorrespondingSourceObject: {fileID: 7490457441906153881, guid: ccd3832871bd7014191b2a6defbb0762,
    type: 3}
  m_PrefabInstance: {fileID: 8206761707180319724}
  m_PrefabAsset: {fileID: 0}
