%YAML 1.1
%TAG !u! tag:unity3d.com,2011:
--- !u!1 &3086849757405420042
GameObject:
  m_ObjectHideFlags: 0
  m_CorrespondingSourceObject: {fileID: 0}
  m_PrefabInstance: {fileID: 0}
  m_PrefabAsset: {fileID: 0}
  serializedVersion: 6
  m_Component:
  - component: {fileID: 1808832500032619973}
  - component: {fileID: -5834324320281021293}
  m_Layer: 0
  m_Name: MainTreeModel
  m_TagString: Untagged
  m_Icon: {fileID: 0}
  m_NavMeshLayer: 0
  m_StaticEditorFlags: 0
  m_IsActive: 1
--- !u!4 &1808832500032619973
Transform:
  m_ObjectHideFlags: 0
  m_CorrespondingSourceObject: {fileID: 0}
  m_PrefabInstance: {fileID: 0}
  m_PrefabAsset: {fileID: 0}
  m_GameObject: {fileID: 3086849757405420042}
  m_LocalRotation: {x: 0, y: 0, z: 0, w: 1}
  m_LocalPosition: {x: 7.734, y: 0, z: 3.004}
  m_LocalScale: {x: 1.2745138, y: 1.2745138, z: 1.2745138}
  m_Children:
  - {fileID: 4317428450136949717}
  - {fileID: 78545285138215132}
  - {fileID: 2771587470015634102}
  - {fileID: 3789318130845597658}
  - {fileID: 6123536245054560809}
  - {fileID: 5647715210006013609}
  - {fileID: 7804261732823819315}
  - {fileID: 2182242505276816654}
  - {fileID: 4018960072509948391}
  m_Father: {fileID: 0}
  m_RootOrder: 0
  m_LocalEulerAnglesHint: {x: 0, y: 0, z: 0}
--- !u!114 &-5834324320281021293
MonoBehaviour:
  m_ObjectHideFlags: 0
  m_CorrespondingSourceObject: {fileID: 0}
  m_PrefabInstance: {fileID: 0}
  m_PrefabAsset: {fileID: 0}
  m_GameObject: {fileID: 3086849757405420042}
  m_Enabled: 1
  m_EditorHideFlags: 0
  m_Script: {fileID: 11500000, guid: bbb42ee371ff09740a02556c78b2c763, type: 3}
  m_Name: 
  m_EditorClassIdentifier: 
  header: Main Tree
  content: 'The biggest tree being a soul of forest. Summons ally units

    (elementals
    and treants).'
--- !u!1001 &79060036540178028
PrefabInstance:
  m_ObjectHideFlags: 0
  serializedVersion: 2
  m_Modification:
    m_TransformParent: {fileID: 1808832500032619973}
    m_Modifications:
    - target: {fileID: 1683459619874246, guid: c79691733e27fec4391be106a933b791, type: 3}
      propertyPath: m_Name
      value: Root2
      objectReference: {fileID: 0}
    - target: {fileID: 4481791840349872, guid: c79691733e27fec4391be106a933b791, type: 3}
      propertyPath: m_LocalPosition.x
      value: -0.051
      objectReference: {fileID: 0}
    - target: {fileID: 4481791840349872, guid: c79691733e27fec4391be106a933b791, type: 3}
      propertyPath: m_LocalPosition.y
      value: -0.137
      objectReference: {fileID: 0}
    - target: {fileID: 4481791840349872, guid: c79691733e27fec4391be106a933b791, type: 3}
      propertyPath: m_LocalPosition.z
      value: 0.004
      objectReference: {fileID: 0}
    - target: {fileID: 4481791840349872, guid: c79691733e27fec4391be106a933b791, type: 3}
      propertyPath: m_LocalRotation.x
      value: -0.012554856
      objectReference: {fileID: 0}
    - target: {fileID: 4481791840349872, guid: c79691733e27fec4391be106a933b791, type: 3}
      propertyPath: m_LocalRotation.y
      value: -0.008240278
      objectReference: {fileID: 0}
    - target: {fileID: 4481791840349872, guid: c79691733e27fec4391be106a933b791, type: 3}
      propertyPath: m_LocalRotation.z
      value: -0.11013667
      objectReference: {fileID: 0}
    - target: {fileID: 4481791840349872, guid: c79691733e27fec4391be106a933b791, type: 3}
      propertyPath: m_LocalRotation.w
      value: 0.993803
      objectReference: {fileID: 0}
    - target: {fileID: 4481791840349872, guid: c79691733e27fec4391be106a933b791, type: 3}
      propertyPath: m_RootOrder
      value: 1
      objectReference: {fileID: 0}
    - target: {fileID: 4481791840349872, guid: c79691733e27fec4391be106a933b791, type: 3}
      propertyPath: m_LocalEulerAnglesHint.x
      value: -1.534
      objectReference: {fileID: 0}
    - target: {fileID: 4481791840349872, guid: c79691733e27fec4391be106a933b791, type: 3}
      propertyPath: m_LocalEulerAnglesHint.y
      value: -0.78000003
      objectReference: {fileID: 0}
    - target: {fileID: 4481791840349872, guid: c79691733e27fec4391be106a933b791, type: 3}
      propertyPath: m_LocalEulerAnglesHint.z
      value: -12.637001
      objectReference: {fileID: 0}
    - target: {fileID: 4481791840349872, guid: c79691733e27fec4391be106a933b791, type: 3}
      propertyPath: m_LocalScale.x
      value: 0.12343
      objectReference: {fileID: 0}
    - target: {fileID: 4481791840349872, guid: c79691733e27fec4391be106a933b791, type: 3}
      propertyPath: m_LocalScale.y
      value: 0.12343
      objectReference: {fileID: 0}
    - target: {fileID: 4481791840349872, guid: c79691733e27fec4391be106a933b791, type: 3}
      propertyPath: m_LocalScale.z
      value: 0.12343
      objectReference: {fileID: 0}
    m_RemovedComponents: []
  m_SourcePrefab: {fileID: 100100000, guid: c79691733e27fec4391be106a933b791, type: 3}
--- !u!4 &78545285138215132 stripped
Transform:
  m_CorrespondingSourceObject: {fileID: 4481791840349872, guid: c79691733e27fec4391be106a933b791,
    type: 3}
  m_PrefabInstance: {fileID: 79060036540178028}
  m_PrefabAsset: {fileID: 0}
--- !u!1001 &2186649181455828282
PrefabInstance:
  m_ObjectHideFlags: 0
  serializedVersion: 2
  m_Modification:
    m_TransformParent: {fileID: 1808832500032619973}
    m_Modifications:
    - target: {fileID: 1864742499577446, guid: 4aa7f4f0acab60742bea9a9f6a3bb144, type: 3}
      propertyPath: m_Name
      value: Crystalsv06
      objectReference: {fileID: 0}
    - target: {fileID: 4183212060390106, guid: 4aa7f4f0acab60742bea9a9f6a3bb144, type: 3}
      propertyPath: m_LocalPosition.x
      value: 0.38
      objectReference: {fileID: 0}
    - target: {fileID: 4183212060390106, guid: 4aa7f4f0acab60742bea9a9f6a3bb144, type: 3}
      propertyPath: m_LocalPosition.y
      value: -0.16
      objectReference: {fileID: 0}
    - target: {fileID: 4183212060390106, guid: 4aa7f4f0acab60742bea9a9f6a3bb144, type: 3}
      propertyPath: m_LocalPosition.z
      value: 4.08
      objectReference: {fileID: 0}
    - target: {fileID: 4439027047675578, guid: 4aa7f4f0acab60742bea9a9f6a3bb144, type: 3}
      propertyPath: m_LocalPosition.x
      value: 3.35
      objectReference: {fileID: 0}
    - target: {fileID: 4439027047675578, guid: 4aa7f4f0acab60742bea9a9f6a3bb144, type: 3}
      propertyPath: m_LocalPosition.y
      value: -0.69
      objectReference: {fileID: 0}
    - target: {fileID: 4439027047675578, guid: 4aa7f4f0acab60742bea9a9f6a3bb144, type: 3}
      propertyPath: m_LocalPosition.z
      value: -2.51
      objectReference: {fileID: 0}
    - target: {fileID: 4618117445236788, guid: 4aa7f4f0acab60742bea9a9f6a3bb144, type: 3}
      propertyPath: m_LocalPosition.x
      value: -0.096
      objectReference: {fileID: 0}
    - target: {fileID: 4618117445236788, guid: 4aa7f4f0acab60742bea9a9f6a3bb144, type: 3}
      propertyPath: m_LocalPosition.y
      value: -0.004
      objectReference: {fileID: 0}
    - target: {fileID: 4618117445236788, guid: 4aa7f4f0acab60742bea9a9f6a3bb144, type: 3}
      propertyPath: m_LocalPosition.z
      value: 0
      objectReference: {fileID: 0}
    - target: {fileID: 4618117445236788, guid: 4aa7f4f0acab60742bea9a9f6a3bb144, type: 3}
      propertyPath: m_LocalRotation.x
      value: -0
      objectReference: {fileID: 0}
    - target: {fileID: 4618117445236788, guid: 4aa7f4f0acab60742bea9a9f6a3bb144, type: 3}
      propertyPath: m_LocalRotation.y
      value: -0
      objectReference: {fileID: 0}
    - target: {fileID: 4618117445236788, guid: 4aa7f4f0acab60742bea9a9f6a3bb144, type: 3}
      propertyPath: m_LocalRotation.z
      value: -0.2320915
      objectReference: {fileID: 0}
    - target: {fileID: 4618117445236788, guid: 4aa7f4f0acab60742bea9a9f6a3bb144, type: 3}
      propertyPath: m_LocalRotation.w
      value: -0.972694
      objectReference: {fileID: 0}
    - target: {fileID: 4618117445236788, guid: 4aa7f4f0acab60742bea9a9f6a3bb144, type: 3}
      propertyPath: m_RootOrder
      value: 7
      objectReference: {fileID: 0}
    - target: {fileID: 4618117445236788, guid: 4aa7f4f0acab60742bea9a9f6a3bb144, type: 3}
      propertyPath: m_LocalEulerAnglesHint.x
      value: 0
      objectReference: {fileID: 0}
    - target: {fileID: 4618117445236788, guid: 4aa7f4f0acab60742bea9a9f6a3bb144, type: 3}
      propertyPath: m_LocalEulerAnglesHint.y
      value: 0
      objectReference: {fileID: 0}
    - target: {fileID: 4618117445236788, guid: 4aa7f4f0acab60742bea9a9f6a3bb144, type: 3}
      propertyPath: m_LocalEulerAnglesHint.z
      value: -333.16
      objectReference: {fileID: 0}
    - target: {fileID: 4618117445236788, guid: 4aa7f4f0acab60742bea9a9f6a3bb144, type: 3}
      propertyPath: m_LocalScale.x
      value: 0.041669033
      objectReference: {fileID: 0}
    - target: {fileID: 4618117445236788, guid: 4aa7f4f0acab60742bea9a9f6a3bb144, type: 3}
      propertyPath: m_LocalScale.y
      value: 0.041669033
      objectReference: {fileID: 0}
    - target: {fileID: 4618117445236788, guid: 4aa7f4f0acab60742bea9a9f6a3bb144, type: 3}
      propertyPath: m_LocalScale.z
      value: 0.041669033
      objectReference: {fileID: 0}
    - target: {fileID: 4659068798878828, guid: 4aa7f4f0acab60742bea9a9f6a3bb144, type: 3}
      propertyPath: m_LocalPosition.x
      value: 7.32
      objectReference: {fileID: 0}
    - target: {fileID: 4659068798878828, guid: 4aa7f4f0acab60742bea9a9f6a3bb144, type: 3}
      propertyPath: m_LocalPosition.y
      value: -2.81
      objectReference: {fileID: 0}
    - target: {fileID: 4659068798878828, guid: 4aa7f4f0acab60742bea9a9f6a3bb144, type: 3}
      propertyPath: m_LocalPosition.z
      value: 1.56
      objectReference: {fileID: 0}
    m_RemovedComponents: []
  m_SourcePrefab: {fileID: 100100000, guid: 4aa7f4f0acab60742bea9a9f6a3bb144, type: 3}
--- !u!4 &2182242505276816654 stripped
Transform:
  m_CorrespondingSourceObject: {fileID: 4618117445236788, guid: 4aa7f4f0acab60742bea9a9f6a3bb144,
    type: 3}
  m_PrefabInstance: {fileID: 2186649181455828282}
  m_PrefabAsset: {fileID: 0}
--- !u!1001 &2767178444973465520
PrefabInstance:
  m_ObjectHideFlags: 0
  serializedVersion: 2
  m_Modification:
    m_TransformParent: {fileID: 1808832500032619973}
    m_Modifications:
    - target: {fileID: 1831977920712818, guid: f610cff9ef34e8e45a114016266c060a, type: 3}
      propertyPath: m_Name
      value: Root4
      objectReference: {fileID: 0}
    - target: {fileID: 4598419166741766, guid: f610cff9ef34e8e45a114016266c060a, type: 3}
      propertyPath: m_LocalPosition.x
      value: 0.006
      objectReference: {fileID: 0}
    - target: {fileID: 4598419166741766, guid: f610cff9ef34e8e45a114016266c060a, type: 3}
      propertyPath: m_LocalPosition.y
      value: 0
      objectReference: {fileID: 0}
    - target: {fileID: 4598419166741766, guid: f610cff9ef34e8e45a114016266c060a, type: 3}
      propertyPath: m_LocalPosition.z
      value: -0.001
      objectReference: {fileID: 0}
    - target: {fileID: 4598419166741766, guid: f610cff9ef34e8e45a114016266c060a, type: 3}
      propertyPath: m_LocalRotation.x
      value: -0
      objectReference: {fileID: 0}
    - target: {fileID: 4598419166741766, guid: f610cff9ef34e8e45a114016266c060a, type: 3}
      propertyPath: m_LocalRotation.y
      value: -0.6471008
      objectReference: {fileID: 0}
    - target: {fileID: 4598419166741766, guid: f610cff9ef34e8e45a114016266c060a, type: 3}
      propertyPath: m_LocalRotation.z
      value: -0
      objectReference: {fileID: 0}
    - target: {fileID: 4598419166741766, guid: f610cff9ef34e8e45a114016266c060a, type: 3}
      propertyPath: m_LocalRotation.w
      value: 0.7624045
      objectReference: {fileID: 0}
    - target: {fileID: 4598419166741766, guid: f610cff9ef34e8e45a114016266c060a, type: 3}
      propertyPath: m_RootOrder
      value: 2
      objectReference: {fileID: 0}
    - target: {fileID: 4598419166741766, guid: f610cff9ef34e8e45a114016266c060a, type: 3}
      propertyPath: m_LocalEulerAnglesHint.x
      value: 0
      objectReference: {fileID: 0}
    - target: {fileID: 4598419166741766, guid: f610cff9ef34e8e45a114016266c060a, type: 3}
      propertyPath: m_LocalEulerAnglesHint.y
      value: -80.647
      objectReference: {fileID: 0}
    - target: {fileID: 4598419166741766, guid: f610cff9ef34e8e45a114016266c060a, type: 3}
      propertyPath: m_LocalEulerAnglesHint.z
      value: 0
      objectReference: {fileID: 0}
    - target: {fileID: 4598419166741766, guid: f610cff9ef34e8e45a114016266c060a, type: 3}
      propertyPath: m_LocalScale.x
      value: 0.07349552
      objectReference: {fileID: 0}
    - target: {fileID: 4598419166741766, guid: f610cff9ef34e8e45a114016266c060a, type: 3}
      propertyPath: m_LocalScale.y
      value: 0.06415045
      objectReference: {fileID: 0}
    - target: {fileID: 4598419166741766, guid: f610cff9ef34e8e45a114016266c060a, type: 3}
      propertyPath: m_LocalScale.z
      value: 0.11824995
      objectReference: {fileID: 0}
    m_RemovedComponents: []
  m_SourcePrefab: {fileID: 100100000, guid: f610cff9ef34e8e45a114016266c060a, type: 3}
--- !u!4 &2771587470015634102 stripped
Transform:
  m_CorrespondingSourceObject: {fileID: 4598419166741766, guid: f610cff9ef34e8e45a114016266c060a,
    type: 3}
  m_PrefabInstance: {fileID: 2767178444973465520}
  m_PrefabAsset: {fileID: 0}
--- !u!1001 &3790153879336990558
PrefabInstance:
  m_ObjectHideFlags: 0
  serializedVersion: 2
  m_Modification:
    m_TransformParent: {fileID: 1808832500032619973}
    m_Modifications:
    - target: {fileID: 1153920904518756, guid: 1b8c539911f94734da286d66ee1161c9, type: 3}
      propertyPath: m_Name
      value: Root3
      objectReference: {fileID: 0}
    - target: {fileID: 4231041741785220, guid: 1b8c539911f94734da286d66ee1161c9, type: 3}
      propertyPath: m_LocalPosition.x
      value: -0.091
      objectReference: {fileID: 0}
    - target: {fileID: 4231041741785220, guid: 1b8c539911f94734da286d66ee1161c9, type: 3}
      propertyPath: m_LocalPosition.y
      value: -0.029
      objectReference: {fileID: 0}
    - target: {fileID: 4231041741785220, guid: 1b8c539911f94734da286d66ee1161c9, type: 3}
      propertyPath: m_LocalPosition.z
      value: 0.14
      objectReference: {fileID: 0}
    - target: {fileID: 4231041741785220, guid: 1b8c539911f94734da286d66ee1161c9, type: 3}
      propertyPath: m_LocalRotation.x
      value: 0.0040053967
      objectReference: {fileID: 0}
    - target: {fileID: 4231041741785220, guid: 1b8c539911f94734da286d66ee1161c9, type: 3}
      propertyPath: m_LocalRotation.y
      value: 0.47735783
      objectReference: {fileID: 0}
    - target: {fileID: 4231041741785220, guid: 1b8c539911f94734da286d66ee1161c9, type: 3}
      propertyPath: m_LocalRotation.z
      value: 0.007372698
      objectReference: {fileID: 0}
    - target: {fileID: 4231041741785220, guid: 1b8c539911f94734da286d66ee1161c9, type: 3}
      propertyPath: m_LocalRotation.w
      value: 0.87866896
      objectReference: {fileID: 0}
    - target: {fileID: 4231041741785220, guid: 1b8c539911f94734da286d66ee1161c9, type: 3}
      propertyPath: m_RootOrder
      value: 3
      objectReference: {fileID: 0}
    - target: {fileID: 4231041741785220, guid: 1b8c539911f94734da286d66ee1161c9, type: 3}
      propertyPath: m_LocalEulerAnglesHint.x
      value: 0
      objectReference: {fileID: 0}
    - target: {fileID: 4231041741785220, guid: 1b8c539911f94734da286d66ee1161c9, type: 3}
      propertyPath: m_LocalEulerAnglesHint.y
      value: 57.028004
      objectReference: {fileID: 0}
    - target: {fileID: 4231041741785220, guid: 1b8c539911f94734da286d66ee1161c9, type: 3}
      propertyPath: m_LocalEulerAnglesHint.z
      value: 0.961
      objectReference: {fileID: 0}
    - target: {fileID: 4231041741785220, guid: 1b8c539911f94734da286d66ee1161c9, type: 3}
      propertyPath: m_LocalScale.x
      value: 0.1278
      objectReference: {fileID: 0}
    - target: {fileID: 4231041741785220, guid: 1b8c539911f94734da286d66ee1161c9, type: 3}
      propertyPath: m_LocalScale.y
      value: 0.1278
      objectReference: {fileID: 0}
    - target: {fileID: 4231041741785220, guid: 1b8c539911f94734da286d66ee1161c9, type: 3}
      propertyPath: m_LocalScale.z
      value: 0.1278
      objectReference: {fileID: 0}
    m_RemovedComponents: []
  m_SourcePrefab: {fileID: 100100000, guid: 1b8c539911f94734da286d66ee1161c9, type: 3}
--- !u!4 &3789318130845597658 stripped
Transform:
  m_CorrespondingSourceObject: {fileID: 4231041741785220, guid: 1b8c539911f94734da286d66ee1161c9,
    type: 3}
  m_PrefabInstance: {fileID: 3790153879336990558}
  m_PrefabAsset: {fileID: 0}
--- !u!1001 &4019992344003277037
PrefabInstance:
  m_ObjectHideFlags: 0
  serializedVersion: 2
  m_Modification:
    m_TransformParent: {fileID: 1808832500032619973}
    m_Modifications:
    - target: {fileID: 1747119322251336, guid: ee88617da51e3e8479a812f9d58a94be, type: 3}
      propertyPath: m_Name
      value: Crystalsv05
      objectReference: {fileID: 0}
    - target: {fileID: 4458899494531338, guid: ee88617da51e3e8479a812f9d58a94be, type: 3}
      propertyPath: m_LocalPosition.x
      value: 0
      objectReference: {fileID: 0}
    - target: {fileID: 4458899494531338, guid: ee88617da51e3e8479a812f9d58a94be, type: 3}
      propertyPath: m_LocalPosition.y
      value: -0.012
      objectReference: {fileID: 0}
    - target: {fileID: 4458899494531338, guid: ee88617da51e3e8479a812f9d58a94be, type: 3}
      propertyPath: m_LocalPosition.z
      value: 0.088
      objectReference: {fileID: 0}
    - target: {fileID: 4458899494531338, guid: ee88617da51e3e8479a812f9d58a94be, type: 3}
      propertyPath: m_LocalRotation.x
      value: 0.33321956
      objectReference: {fileID: 0}
    - target: {fileID: 4458899494531338, guid: ee88617da51e3e8479a812f9d58a94be, type: 3}
      propertyPath: m_LocalRotation.y
      value: -0
      objectReference: {fileID: 0}
    - target: {fileID: 4458899494531338, guid: ee88617da51e3e8479a812f9d58a94be, type: 3}
      propertyPath: m_LocalRotation.z
      value: -0
      objectReference: {fileID: 0}
    - target: {fileID: 4458899494531338, guid: ee88617da51e3e8479a812f9d58a94be, type: 3}
      propertyPath: m_LocalRotation.w
      value: 0.94284934
      objectReference: {fileID: 0}
    - target: {fileID: 4458899494531338, guid: ee88617da51e3e8479a812f9d58a94be, type: 3}
      propertyPath: m_RootOrder
      value: 8
      objectReference: {fileID: 0}
    - target: {fileID: 4458899494531338, guid: ee88617da51e3e8479a812f9d58a94be, type: 3}
      propertyPath: m_LocalEulerAnglesHint.x
      value: 38.929
      objectReference: {fileID: 0}
    - target: {fileID: 4458899494531338, guid: ee88617da51e3e8479a812f9d58a94be, type: 3}
      propertyPath: m_LocalEulerAnglesHint.y
      value: 0
      objectReference: {fileID: 0}
    - target: {fileID: 4458899494531338, guid: ee88617da51e3e8479a812f9d58a94be, type: 3}
      propertyPath: m_LocalEulerAnglesHint.z
      value: 0
      objectReference: {fileID: 0}
    - target: {fileID: 4458899494531338, guid: ee88617da51e3e8479a812f9d58a94be, type: 3}
      propertyPath: m_LocalScale.x
      value: 0.04301
      objectReference: {fileID: 0}
    - target: {fileID: 4458899494531338, guid: ee88617da51e3e8479a812f9d58a94be, type: 3}
      propertyPath: m_LocalScale.y
      value: 0.04301
      objectReference: {fileID: 0}
    - target: {fileID: 4458899494531338, guid: ee88617da51e3e8479a812f9d58a94be, type: 3}
      propertyPath: m_LocalScale.z
      value: 0.04301
      objectReference: {fileID: 0}
    - target: {fileID: 4523520454705000, guid: ee88617da51e3e8479a812f9d58a94be, type: 3}
      propertyPath: m_LocalPosition.x
      value: 2.04
      objectReference: {fileID: 0}
    - target: {fileID: 4523520454705000, guid: ee88617da51e3e8479a812f9d58a94be, type: 3}
      propertyPath: m_LocalPosition.y
      value: -1.96
      objectReference: {fileID: 0}
    - target: {fileID: 4523520454705000, guid: ee88617da51e3e8479a812f9d58a94be, type: 3}
      propertyPath: m_LocalPosition.z
      value: -3.75
      objectReference: {fileID: 0}
    - target: {fileID: 4523520454705000, guid: ee88617da51e3e8479a812f9d58a94be, type: 3}
      propertyPath: m_LocalRotation.x
      value: -0.16651522
      objectReference: {fileID: 0}
    - target: {fileID: 4523520454705000, guid: ee88617da51e3e8479a812f9d58a94be, type: 3}
      propertyPath: m_LocalRotation.y
      value: 0.59449226
      objectReference: {fileID: 0}
    - target: {fileID: 4523520454705000, guid: ee88617da51e3e8479a812f9d58a94be, type: 3}
      propertyPath: m_LocalRotation.z
      value: -0.50744075
      objectReference: {fileID: 0}
    - target: {fileID: 4523520454705000, guid: ee88617da51e3e8479a812f9d58a94be, type: 3}
      propertyPath: m_LocalRotation.w
      value: 0.60112864
      objectReference: {fileID: 0}
    - target: {fileID: 4523520454705000, guid: ee88617da51e3e8479a812f9d58a94be, type: 3}
      propertyPath: m_LocalEulerAnglesHint.x
      value: 23.775002
      objectReference: {fileID: 0}
    - target: {fileID: 4523520454705000, guid: ee88617da51e3e8479a812f9d58a94be, type: 3}
      propertyPath: m_LocalEulerAnglesHint.y
      value: -645.055
      objectReference: {fileID: 0}
    - target: {fileID: 4523520454705000, guid: ee88617da51e3e8479a812f9d58a94be, type: 3}
      propertyPath: m_LocalEulerAnglesHint.z
      value: -62.005
      objectReference: {fileID: 0}
    - target: {fileID: 4579614176553844, guid: ee88617da51e3e8479a812f9d58a94be, type: 3}
      propertyPath: m_LocalPosition.x
      value: 1.57
      objectReference: {fileID: 0}
    - target: {fileID: 4579614176553844, guid: ee88617da51e3e8479a812f9d58a94be, type: 3}
      propertyPath: m_LocalPosition.y
      value: -0.52
      objectReference: {fileID: 0}
    - target: {fileID: 4579614176553844, guid: ee88617da51e3e8479a812f9d58a94be, type: 3}
      propertyPath: m_LocalPosition.z
      value: -1.18
      objectReference: {fileID: 0}
    - target: {fileID: 4579614176553844, guid: ee88617da51e3e8479a812f9d58a94be, type: 3}
      propertyPath: m_LocalRotation.x
      value: -0.36863974
      objectReference: {fileID: 0}
    - target: {fileID: 4579614176553844, guid: ee88617da51e3e8479a812f9d58a94be, type: 3}
      propertyPath: m_LocalRotation.y
      value: 0.4071071
      objectReference: {fileID: 0}
    - target: {fileID: 4579614176553844, guid: ee88617da51e3e8479a812f9d58a94be, type: 3}
      propertyPath: m_LocalRotation.z
      value: 0.7916367
      objectReference: {fileID: 0}
    - target: {fileID: 4579614176553844, guid: ee88617da51e3e8479a812f9d58a94be, type: 3}
      propertyPath: m_LocalRotation.w
      value: 0.26773095
      objectReference: {fileID: 0}
    - target: {fileID: 4579614176553844, guid: ee88617da51e3e8479a812f9d58a94be, type: 3}
      propertyPath: m_LocalEulerAnglesHint.x
      value: -57.347004
      objectReference: {fileID: 0}
    - target: {fileID: 4579614176553844, guid: ee88617da51e3e8479a812f9d58a94be, type: 3}
      propertyPath: m_LocalEulerAnglesHint.y
      value: -762.666
      objectReference: {fileID: 0}
    - target: {fileID: 4579614176553844, guid: ee88617da51e3e8479a812f9d58a94be, type: 3}
      propertyPath: m_LocalEulerAnglesHint.z
      value: 166.742
      objectReference: {fileID: 0}
    m_RemovedComponents: []
  m_SourcePrefab: {fileID: 100100000, guid: ee88617da51e3e8479a812f9d58a94be, type: 3}
--- !u!4 &4018960072509948391 stripped
Transform:
  m_CorrespondingSourceObject: {fileID: 4458899494531338, guid: ee88617da51e3e8479a812f9d58a94be,
    type: 3}
  m_PrefabInstance: {fileID: 4019992344003277037}
  m_PrefabAsset: {fileID: 0}
--- !u!1001 &4316031241827163419
PrefabInstance:
  m_ObjectHideFlags: 0
  serializedVersion: 2
  m_Modification:
    m_TransformParent: {fileID: 1808832500032619973}
    m_Modifications:
    - target: {fileID: 1209846326057578, guid: 4e3021334b9182d4bb76f3519a517b5e, type: 3}
      propertyPath: m_Name
      value: Oak
      objectReference: {fileID: 0}
    - target: {fileID: 4232848798949070, guid: 4e3021334b9182d4bb76f3519a517b5e, type: 3}
      propertyPath: m_LocalPosition.x
      value: 0
      objectReference: {fileID: 0}
    - target: {fileID: 4232848798949070, guid: 4e3021334b9182d4bb76f3519a517b5e, type: 3}
      propertyPath: m_LocalPosition.y
      value: 0
      objectReference: {fileID: 0}
    - target: {fileID: 4232848798949070, guid: 4e3021334b9182d4bb76f3519a517b5e, type: 3}
      propertyPath: m_LocalPosition.z
      value: 0
      objectReference: {fileID: 0}
    - target: {fileID: 4232848798949070, guid: 4e3021334b9182d4bb76f3519a517b5e, type: 3}
      propertyPath: m_LocalRotation.x
      value: -0
      objectReference: {fileID: 0}
    - target: {fileID: 4232848798949070, guid: 4e3021334b9182d4bb76f3519a517b5e, type: 3}
      propertyPath: m_LocalRotation.y
      value: -0
      objectReference: {fileID: 0}
    - target: {fileID: 4232848798949070, guid: 4e3021334b9182d4bb76f3519a517b5e, type: 3}
      propertyPath: m_LocalRotation.z
      value: -0
      objectReference: {fileID: 0}
    - target: {fileID: 4232848798949070, guid: 4e3021334b9182d4bb76f3519a517b5e, type: 3}
      propertyPath: m_LocalRotation.w
      value: 1
      objectReference: {fileID: 0}
    - target: {fileID: 4232848798949070, guid: 4e3021334b9182d4bb76f3519a517b5e, type: 3}
      propertyPath: m_RootOrder
      value: 0
      objectReference: {fileID: 0}
    - target: {fileID: 4232848798949070, guid: 4e3021334b9182d4bb76f3519a517b5e, type: 3}
      propertyPath: m_LocalEulerAnglesHint.x
      value: 0
      objectReference: {fileID: 0}
    - target: {fileID: 4232848798949070, guid: 4e3021334b9182d4bb76f3519a517b5e, type: 3}
      propertyPath: m_LocalEulerAnglesHint.y
      value: 0
      objectReference: {fileID: 0}
    - target: {fileID: 4232848798949070, guid: 4e3021334b9182d4bb76f3519a517b5e, type: 3}
      propertyPath: m_LocalEulerAnglesHint.z
      value: 0
      objectReference: {fileID: 0}
    - target: {fileID: 4232848798949070, guid: 4e3021334b9182d4bb76f3519a517b5e, type: 3}
      propertyPath: m_LocalScale.x
      value: 0.043497
      objectReference: {fileID: 0}
    - target: {fileID: 4232848798949070, guid: 4e3021334b9182d4bb76f3519a517b5e, type: 3}
      propertyPath: m_LocalScale.y
      value: 0.043497
      objectReference: {fileID: 0}
    - target: {fileID: 4232848798949070, guid: 4e3021334b9182d4bb76f3519a517b5e, type: 3}
      propertyPath: m_LocalScale.z
      value: 0.043497
      objectReference: {fileID: 0}
    m_RemovedComponents: []
  m_SourcePrefab: {fileID: 100100000, guid: 4e3021334b9182d4bb76f3519a517b5e, type: 3}
--- !u!4 &4317428450136949717 stripped
Transform:
  m_CorrespondingSourceObject: {fileID: 4232848798949070, guid: 4e3021334b9182d4bb76f3519a517b5e,
    type: 3}
  m_PrefabInstance: {fileID: 4316031241827163419}
  m_PrefabAsset: {fileID: 0}
--- !u!1001 &5651939722893344367
PrefabInstance:
  m_ObjectHideFlags: 0
  serializedVersion: 2
  m_Modification:
    m_TransformParent: {fileID: 1808832500032619973}
    m_Modifications:
    - target: {fileID: 1011319553682498, guid: 8ad137f6808375f4e885d60451f0c4fc, type: 3}
      propertyPath: m_Name
      value: Crystalsv01
      objectReference: {fileID: 0}
    - target: {fileID: 4068615723321166, guid: 8ad137f6808375f4e885d60451f0c4fc, type: 3}
      propertyPath: m_LocalPosition.y
      value: -4.54
      objectReference: {fileID: 0}
    - target: {fileID: 4068615723321166, guid: 8ad137f6808375f4e885d60451f0c4fc, type: 3}
      propertyPath: m_LocalPosition.z
      value: -14.19
      objectReference: {fileID: 0}
    - target: {fileID: 4068615723321166, guid: 8ad137f6808375f4e885d60451f0c4fc, type: 3}
      propertyPath: m_LocalRotation.x
      value: -0.22005619
      objectReference: {fileID: 0}
    - target: {fileID: 4068615723321166, guid: 8ad137f6808375f4e885d60451f0c4fc, type: 3}
      propertyPath: m_LocalRotation.y
      value: -0.21626413
      objectReference: {fileID: 0}
    - target: {fileID: 4068615723321166, guid: 8ad137f6808375f4e885d60451f0c4fc, type: 3}
      propertyPath: m_LocalRotation.z
      value: 0.4878583
      objectReference: {fileID: 0}
    - target: {fileID: 4068615723321166, guid: 8ad137f6808375f4e885d60451f0c4fc, type: 3}
      propertyPath: m_LocalRotation.w
      value: 0.81657785
      objectReference: {fileID: 0}
    - target: {fileID: 4068615723321166, guid: 8ad137f6808375f4e885d60451f0c4fc, type: 3}
      propertyPath: m_LocalEulerAnglesHint.x
      value: -8.533
      objectReference: {fileID: 0}
    - target: {fileID: 4068615723321166, guid: 8ad137f6808375f4e885d60451f0c4fc, type: 3}
      propertyPath: m_LocalEulerAnglesHint.y
      value: -35.048
      objectReference: {fileID: 0}
    - target: {fileID: 4068615723321166, guid: 8ad137f6808375f4e885d60451f0c4fc, type: 3}
      propertyPath: m_LocalEulerAnglesHint.z
      value: 64.411
      objectReference: {fileID: 0}
    - target: {fileID: 4068615723321166, guid: 8ad137f6808375f4e885d60451f0c4fc, type: 3}
      propertyPath: m_LocalPosition.x
      value: 1.5
      objectReference: {fileID: 0}
    - target: {fileID: 4237741520885958, guid: 8ad137f6808375f4e885d60451f0c4fc, type: 3}
      propertyPath: m_LocalPosition.x
      value: -0.133
      objectReference: {fileID: 0}
    - target: {fileID: 4237741520885958, guid: 8ad137f6808375f4e885d60451f0c4fc, type: 3}
      propertyPath: m_LocalPosition.y
      value: 0.841
      objectReference: {fileID: 0}
    - target: {fileID: 4237741520885958, guid: 8ad137f6808375f4e885d60451f0c4fc, type: 3}
      propertyPath: m_LocalPosition.z
      value: -0.413
      objectReference: {fileID: 0}
    - target: {fileID: 4237741520885958, guid: 8ad137f6808375f4e885d60451f0c4fc, type: 3}
      propertyPath: m_LocalRotation.x
      value: -0.90571004
      objectReference: {fileID: 0}
    - target: {fileID: 4237741520885958, guid: 8ad137f6808375f4e885d60451f0c4fc, type: 3}
      propertyPath: m_LocalRotation.y
      value: -0
      objectReference: {fileID: 0}
    - target: {fileID: 4237741520885958, guid: 8ad137f6808375f4e885d60451f0c4fc, type: 3}
      propertyPath: m_LocalRotation.z
      value: -0
      objectReference: {fileID: 0}
    - target: {fileID: 4237741520885958, guid: 8ad137f6808375f4e885d60451f0c4fc, type: 3}
      propertyPath: m_LocalRotation.w
      value: 0.42389786
      objectReference: {fileID: 0}
    - target: {fileID: 4237741520885958, guid: 8ad137f6808375f4e885d60451f0c4fc, type: 3}
      propertyPath: m_RootOrder
      value: 5
      objectReference: {fileID: 0}
    - target: {fileID: 4237741520885958, guid: 8ad137f6808375f4e885d60451f0c4fc, type: 3}
      propertyPath: m_LocalEulerAnglesHint.x
      value: -129.838
      objectReference: {fileID: 0}
    - target: {fileID: 4237741520885958, guid: 8ad137f6808375f4e885d60451f0c4fc, type: 3}
      propertyPath: m_LocalEulerAnglesHint.y
      value: 0
      objectReference: {fileID: 0}
    - target: {fileID: 4237741520885958, guid: 8ad137f6808375f4e885d60451f0c4fc, type: 3}
      propertyPath: m_LocalEulerAnglesHint.z
      value: 0
      objectReference: {fileID: 0}
    - target: {fileID: 4237741520885958, guid: 8ad137f6808375f4e885d60451f0c4fc, type: 3}
      propertyPath: m_LocalScale.x
      value: 0.041098
      objectReference: {fileID: 0}
    - target: {fileID: 4237741520885958, guid: 8ad137f6808375f4e885d60451f0c4fc, type: 3}
      propertyPath: m_LocalScale.y
      value: 0.041098
      objectReference: {fileID: 0}
    - target: {fileID: 4237741520885958, guid: 8ad137f6808375f4e885d60451f0c4fc, type: 3}
      propertyPath: m_LocalScale.z
      value: 0.041098
      objectReference: {fileID: 0}
    - target: {fileID: 4381029874358218, guid: 8ad137f6808375f4e885d60451f0c4fc, type: 3}
      propertyPath: m_LocalPosition.y
      value: -9.09
      objectReference: {fileID: 0}
    - target: {fileID: 4381029874358218, guid: 8ad137f6808375f4e885d60451f0c4fc, type: 3}
      propertyPath: m_LocalPosition.z
      value: -7.69
      objectReference: {fileID: 0}
    - target: {fileID: 4381029874358218, guid: 8ad137f6808375f4e885d60451f0c4fc, type: 3}
      propertyPath: m_LocalRotation.x
      value: -0.12720042
      objectReference: {fileID: 0}
    - target: {fileID: 4381029874358218, guid: 8ad137f6808375f4e885d60451f0c4fc, type: 3}
      propertyPath: m_LocalRotation.y
      value: 0.98437667
      objectReference: {fileID: 0}
    - target: {fileID: 4381029874358218, guid: 8ad137f6808375f4e885d60451f0c4fc, type: 3}
      propertyPath: m_LocalRotation.z
      value: 0.04941848
      objectReference: {fileID: 0}
    - target: {fileID: 4381029874358218, guid: 8ad137f6808375f4e885d60451f0c4fc, type: 3}
      propertyPath: m_LocalRotation.w
      value: 0.111267745
      objectReference: {fileID: 0}
    - target: {fileID: 4381029874358218, guid: 8ad137f6808375f4e885d60451f0c4fc, type: 3}
      propertyPath: m_LocalEulerAnglesHint.x
      value: -7.215
      objectReference: {fileID: 0}
    - target: {fileID: 4381029874358218, guid: 8ad137f6808375f4e885d60451f0c4fc, type: 3}
      propertyPath: m_LocalEulerAnglesHint.y
      value: -192.01299
      objectReference: {fileID: 0}
    - target: {fileID: 4381029874358218, guid: 8ad137f6808375f4e885d60451f0c4fc, type: 3}
      propertyPath: m_LocalEulerAnglesHint.z
      value: -373.966
      objectReference: {fileID: 0}
    - target: {fileID: 4381029874358218, guid: 8ad137f6808375f4e885d60451f0c4fc, type: 3}
      propertyPath: m_LocalPosition.x
      value: 3.1
      objectReference: {fileID: 0}
    - target: {fileID: 4655642382454178, guid: 8ad137f6808375f4e885d60451f0c4fc, type: 3}
      propertyPath: m_LocalPosition.x
      value: 6.67
      objectReference: {fileID: 0}
    - target: {fileID: 4655642382454178, guid: 8ad137f6808375f4e885d60451f0c4fc, type: 3}
      propertyPath: m_LocalPosition.y
      value: -7.52
      objectReference: {fileID: 0}
    - target: {fileID: 4655642382454178, guid: 8ad137f6808375f4e885d60451f0c4fc, type: 3}
      propertyPath: m_LocalPosition.z
      value: -5.14
      objectReference: {fileID: 0}
    - target: {fileID: 4655642382454178, guid: 8ad137f6808375f4e885d60451f0c4fc, type: 3}
      propertyPath: m_LocalRotation.x
      value: -0.5077513
      objectReference: {fileID: 0}
    - target: {fileID: 4655642382454178, guid: 8ad137f6808375f4e885d60451f0c4fc, type: 3}
      propertyPath: m_LocalRotation.y
      value: -0.44968775
      objectReference: {fileID: 0}
    - target: {fileID: 4655642382454178, guid: 8ad137f6808375f4e885d60451f0c4fc, type: 3}
      propertyPath: m_LocalRotation.z
      value: 0.28445426
      objectReference: {fileID: 0}
    - target: {fileID: 4655642382454178, guid: 8ad137f6808375f4e885d60451f0c4fc, type: 3}
      propertyPath: m_LocalRotation.w
      value: 0.6775363
      objectReference: {fileID: 0}
    - target: {fileID: 4655642382454178, guid: 8ad137f6808375f4e885d60451f0c4fc, type: 3}
      propertyPath: m_LocalEulerAnglesHint.x
      value: -25.608002
      objectReference: {fileID: 0}
    - target: {fileID: 4655642382454178, guid: 8ad137f6808375f4e885d60451f0c4fc, type: 3}
      propertyPath: m_LocalEulerAnglesHint.y
      value: -84.914
      objectReference: {fileID: 0}
    - target: {fileID: 4655642382454178, guid: 8ad137f6808375f4e885d60451f0c4fc, type: 3}
      propertyPath: m_LocalEulerAnglesHint.z
      value: 69.042
      objectReference: {fileID: 0}
    - target: {fileID: 4697294963431438, guid: 8ad137f6808375f4e885d60451f0c4fc, type: 3}
      propertyPath: m_LocalPosition.x
      value: 1.49
      objectReference: {fileID: 0}
    - target: {fileID: 4697294963431438, guid: 8ad137f6808375f4e885d60451f0c4fc, type: 3}
      propertyPath: m_LocalPosition.y
      value: 1.35
      objectReference: {fileID: 0}
    - target: {fileID: 4697294963431438, guid: 8ad137f6808375f4e885d60451f0c4fc, type: 3}
      propertyPath: m_LocalPosition.z
      value: -10.52
      objectReference: {fileID: 0}
    m_RemovedComponents: []
  m_SourcePrefab: {fileID: 100100000, guid: 8ad137f6808375f4e885d60451f0c4fc, type: 3}
--- !u!4 &5647715210006013609 stripped
Transform:
  m_CorrespondingSourceObject: {fileID: 4237741520885958, guid: 8ad137f6808375f4e885d60451f0c4fc,
    type: 3}
  m_PrefabInstance: {fileID: 5651939722893344367}
  m_PrefabAsset: {fileID: 0}
--- !u!1001 &6121876426236771421
PrefabInstance:
  m_ObjectHideFlags: 0
  serializedVersion: 2
  m_Modification:
    m_TransformParent: {fileID: 1808832500032619973}
    m_Modifications:
    - target: {fileID: 1791707096663884, guid: e3107906af530ca408371f305a851fe9, type: 3}
      propertyPath: m_Name
      value: Root1
      objectReference: {fileID: 0}
    - target: {fileID: 4061501180274292, guid: e3107906af530ca408371f305a851fe9, type: 3}
      propertyPath: m_LocalPosition.x
      value: 0.043
      objectReference: {fileID: 0}
    - target: {fileID: 4061501180274292, guid: e3107906af530ca408371f305a851fe9, type: 3}
      propertyPath: m_LocalPosition.y
      value: 0
      objectReference: {fileID: 0}
    - target: {fileID: 4061501180274292, guid: e3107906af530ca408371f305a851fe9, type: 3}
      propertyPath: m_LocalPosition.z
      value: -0.072
      objectReference: {fileID: 0}
    - target: {fileID: 4061501180274292, guid: e3107906af530ca408371f305a851fe9, type: 3}
      propertyPath: m_LocalRotation.x
      value: 0.058502343
      objectReference: {fileID: 0}
    - target: {fileID: 4061501180274292, guid: e3107906af530ca408371f305a851fe9, type: 3}
      propertyPath: m_LocalRotation.y
      value: -0.8683528
      objectReference: {fileID: 0}
    - target: {fileID: 4061501180274292, guid: e3107906af530ca408371f305a851fe9, type: 3}
      propertyPath: m_LocalRotation.z
      value: -0.03310444
      objectReference: {fileID: 0}
    - target: {fileID: 4061501180274292, guid: e3107906af530ca408371f305a851fe9, type: 3}
      propertyPath: m_LocalRotation.w
      value: 0.49137065
      objectReference: {fileID: 0}
    - target: {fileID: 4061501180274292, guid: e3107906af530ca408371f305a851fe9, type: 3}
      propertyPath: m_RootOrder
      value: 4
      objectReference: {fileID: 0}
    - target: {fileID: 4061501180274292, guid: e3107906af530ca408371f305a851fe9, type: 3}
      propertyPath: m_LocalEulerAnglesHint.x
      value: 0
      objectReference: {fileID: 0}
    - target: {fileID: 4061501180274292, guid: e3107906af530ca408371f305a851fe9, type: 3}
      propertyPath: m_LocalEulerAnglesHint.y
      value: -120.992004
      objectReference: {fileID: 0}
    - target: {fileID: 4061501180274292, guid: e3107906af530ca408371f305a851fe9, type: 3}
      propertyPath: m_LocalEulerAnglesHint.z
      value: -7.7090006
      objectReference: {fileID: 0}
    - target: {fileID: 4061501180274292, guid: e3107906af530ca408371f305a851fe9, type: 3}
      propertyPath: m_LocalScale.x
      value: 0.065217
      objectReference: {fileID: 0}
    - target: {fileID: 4061501180274292, guid: e3107906af530ca408371f305a851fe9, type: 3}
      propertyPath: m_LocalScale.y
      value: 0.07290609
      objectReference: {fileID: 0}
    - target: {fileID: 4061501180274292, guid: e3107906af530ca408371f305a851fe9, type: 3}
      propertyPath: m_LocalScale.z
      value: 0.083184294
      objectReference: {fileID: 0}
    m_RemovedComponents: []
  m_SourcePrefab: {fileID: 100100000, guid: e3107906af530ca408371f305a851fe9, type: 3}
--- !u!4 &6123536245054560809 stripped
Transform:
  m_CorrespondingSourceObject: {fileID: 4061501180274292, guid: e3107906af530ca408371f305a851fe9,
    type: 3}
  m_PrefabInstance: {fileID: 6121876426236771421}
  m_PrefabAsset: {fileID: 0}
--- !u!1001 &7800461303877552955
PrefabInstance:
  m_ObjectHideFlags: 0
  serializedVersion: 2
  m_Modification:
    m_TransformParent: {fileID: 1808832500032619973}
    m_Modifications:
    - target: {fileID: 1288543304402976, guid: 67c6e02e204ef6244a8f475a94826851, type: 3}
      propertyPath: m_Name
      value: Crystalsv07
      objectReference: {fileID: 0}
    - target: {fileID: 4081972669198088, guid: 67c6e02e204ef6244a8f475a94826851, type: 3}
      propertyPath: m_LocalPosition.x
      value: 0
      objectReference: {fileID: 0}
    - target: {fileID: 4081972669198088, guid: 67c6e02e204ef6244a8f475a94826851, type: 3}
      propertyPath: m_LocalPosition.y
      value: 0.636
      objectReference: {fileID: 0}
    - target: {fileID: 4081972669198088, guid: 67c6e02e204ef6244a8f475a94826851, type: 3}
      propertyPath: m_LocalPosition.z
      value: 0.548
      objectReference: {fileID: 0}
    - target: {fileID: 4081972669198088, guid: 67c6e02e204ef6244a8f475a94826851, type: 3}
      propertyPath: m_LocalRotation.x
      value: 0.99852204
      objectReference: {fileID: 0}
    - target: {fileID: 4081972669198088, guid: 67c6e02e204ef6244a8f475a94826851, type: 3}
      propertyPath: m_LocalRotation.y
      value: -0
      objectReference: {fileID: 0}
    - target: {fileID: 4081972669198088, guid: 67c6e02e204ef6244a8f475a94826851, type: 3}
      propertyPath: m_LocalRotation.z
      value: -0
      objectReference: {fileID: 0}
    - target: {fileID: 4081972669198088, guid: 67c6e02e204ef6244a8f475a94826851, type: 3}
      propertyPath: m_LocalRotation.w
      value: -0.054348618
      objectReference: {fileID: 0}
    - target: {fileID: 4081972669198088, guid: 67c6e02e204ef6244a8f475a94826851, type: 3}
      propertyPath: m_RootOrder
      value: 6
      objectReference: {fileID: 0}
    - target: {fileID: 4081972669198088, guid: 67c6e02e204ef6244a8f475a94826851, type: 3}
      propertyPath: m_LocalEulerAnglesHint.x
      value: 186.231
      objectReference: {fileID: 0}
    - target: {fileID: 4081972669198088, guid: 67c6e02e204ef6244a8f475a94826851, type: 3}
      propertyPath: m_LocalEulerAnglesHint.y
      value: 0
      objectReference: {fileID: 0}
    - target: {fileID: 4081972669198088, guid: 67c6e02e204ef6244a8f475a94826851, type: 3}
      propertyPath: m_LocalEulerAnglesHint.z
      value: 0
      objectReference: {fileID: 0}
    - target: {fileID: 4081972669198088, guid: 67c6e02e204ef6244a8f475a94826851, type: 3}
      propertyPath: m_LocalScale.x
      value: 0.037761226
      objectReference: {fileID: 0}
    - target: {fileID: 4081972669198088, guid: 67c6e02e204ef6244a8f475a94826851, type: 3}
      propertyPath: m_LocalScale.y
      value: 0.037761226
      objectReference: {fileID: 0}
    - target: {fileID: 4081972669198088, guid: 67c6e02e204ef6244a8f475a94826851, type: 3}
      propertyPath: m_LocalScale.z
      value: 0.037761226
      objectReference: {fileID: 0}
    - target: {fileID: 4353236408961400, guid: 67c6e02e204ef6244a8f475a94826851, type: 3}
      propertyPath: m_LocalPosition.y
      value: -7.28
      objectReference: {fileID: 0}
    - target: {fileID: 4353236408961400, guid: 67c6e02e204ef6244a8f475a94826851, type: 3}
      propertyPath: m_LocalPosition.z
      value: 9.79
      objectReference: {fileID: 0}
    - target: {fileID: 4353236408961400, guid: 67c6e02e204ef6244a8f475a94826851, type: 3}
      propertyPath: m_LocalPosition.x
      value: -0.3
      objectReference: {fileID: 0}
    - target: {fileID: 4389079977484644, guid: 67c6e02e204ef6244a8f475a94826851, type: 3}
      propertyPath: m_LocalPosition.y
      value: 4.07
      objectReference: {fileID: 0}
    - target: {fileID: 4389079977484644, guid: 67c6e02e204ef6244a8f475a94826851, type: 3}
      propertyPath: m_LocalPosition.z
      value: 11.72
      objectReference: {fileID: 0}
    - target: {fileID: 4389079977484644, guid: 67c6e02e204ef6244a8f475a94826851, type: 3}
      propertyPath: m_LocalRotation.y
      value: 0.03402396
      objectReference: {fileID: 0}
    - target: {fileID: 4389079977484644, guid: 67c6e02e204ef6244a8f475a94826851, type: 3}
      propertyPath: m_LocalRotation.w
      value: 0.3830076
      objectReference: {fileID: 0}
    - target: {fileID: 4389079977484644, guid: 67c6e02e204ef6244a8f475a94826851, type: 3}
      propertyPath: m_LocalRotation.x
      value: 0.053612843
      objectReference: {fileID: 0}
    - target: {fileID: 4389079977484644, guid: 67c6e02e204ef6244a8f475a94826851, type: 3}
      propertyPath: m_LocalRotation.z
      value: 0.9215602
      objectReference: {fileID: 0}
    - target: {fileID: 4389079977484644, guid: 67c6e02e204ef6244a8f475a94826851, type: 3}
      propertyPath: m_LocalEulerAnglesHint.x
      value: -1.24
      objectReference: {fileID: 0}
    - target: {fileID: 4389079977484644, guid: 67c6e02e204ef6244a8f475a94826851, type: 3}
      propertyPath: m_LocalEulerAnglesHint.y
      value: 7.175
      objectReference: {fileID: 0}
    - target: {fileID: 4389079977484644, guid: 67c6e02e204ef6244a8f475a94826851, type: 3}
      propertyPath: m_LocalEulerAnglesHint.z
      value: 134.78601
      objectReference: {fileID: 0}
    - target: {fileID: 4389079977484644, guid: 67c6e02e204ef6244a8f475a94826851, type: 3}
      propertyPath: m_LocalPosition.x
      value: 1.07
      objectReference: {fileID: 0}
    - target: {fileID: 4470271236171914, guid: 67c6e02e204ef6244a8f475a94826851, type: 3}
      propertyPath: m_LocalPosition.y
      value: 6.18
      objectReference: {fileID: 0}
    - target: {fileID: 4470271236171914, guid: 67c6e02e204ef6244a8f475a94826851, type: 3}
      propertyPath: m_LocalPosition.z
      value: 8.17
      objectReference: {fileID: 0}
    - target: {fileID: 4470271236171914, guid: 67c6e02e204ef6244a8f475a94826851, type: 3}
      propertyPath: m_LocalRotation.x
      value: 0.27900958
      objectReference: {fileID: 0}
    - target: {fileID: 4470271236171914, guid: 67c6e02e204ef6244a8f475a94826851, type: 3}
      propertyPath: m_LocalRotation.y
      value: 0.61319214
      objectReference: {fileID: 0}
    - target: {fileID: 4470271236171914, guid: 67c6e02e204ef6244a8f475a94826851, type: 3}
      propertyPath: m_LocalRotation.z
      value: -0.24076626
      objectReference: {fileID: 0}
    - target: {fileID: 4470271236171914, guid: 67c6e02e204ef6244a8f475a94826851, type: 3}
      propertyPath: m_LocalRotation.w
      value: -0.69869936
      objectReference: {fileID: 0}
    - target: {fileID: 4470271236171914, guid: 67c6e02e204ef6244a8f475a94826851, type: 3}
      propertyPath: m_LocalEulerAnglesHint.x
      value: -5.4290004
      objectReference: {fileID: 0}
    - target: {fileID: 4470271236171914, guid: 67c6e02e204ef6244a8f475a94826851, type: 3}
      propertyPath: m_LocalEulerAnglesHint.y
      value: -444.68
      objectReference: {fileID: 0}
    - target: {fileID: 4470271236171914, guid: 67c6e02e204ef6244a8f475a94826851, type: 3}
      propertyPath: m_LocalEulerAnglesHint.z
      value: 42.975002
      objectReference: {fileID: 0}
    - target: {fileID: 4470271236171914, guid: 67c6e02e204ef6244a8f475a94826851, type: 3}
      propertyPath: m_LocalPosition.x
      value: -0.11
      objectReference: {fileID: 0}
    - target: {fileID: 4559697869331238, guid: 67c6e02e204ef6244a8f475a94826851, type: 3}
      propertyPath: m_LocalPosition.y
      value: 1.06
      objectReference: {fileID: 0}
    - target: {fileID: 4559697869331238, guid: 67c6e02e204ef6244a8f475a94826851, type: 3}
      propertyPath: m_LocalPosition.z
      value: 23.16
      objectReference: {fileID: 0}
    - target: {fileID: 4559697869331238, guid: 67c6e02e204ef6244a8f475a94826851, type: 3}
      propertyPath: m_LocalPosition.x
      value: -2.91
      objectReference: {fileID: 0}
    - target: {fileID: 4559697869331238, guid: 67c6e02e204ef6244a8f475a94826851, type: 3}
      propertyPath: m_LocalRotation.x
      value: -0.1855925
      objectReference: {fileID: 0}
    - target: {fileID: 4559697869331238, guid: 67c6e02e204ef6244a8f475a94826851, type: 3}
      propertyPath: m_LocalRotation.y
      value: 0.9590785
      objectReference: {fileID: 0}
    - target: {fileID: 4559697869331238, guid: 67c6e02e204ef6244a8f475a94826851, type: 3}
      propertyPath: m_LocalRotation.z
      value: 0.2137719
      objectReference: {fileID: 0}
    - target: {fileID: 4559697869331238, guid: 67c6e02e204ef6244a8f475a94826851, type: 3}
      propertyPath: m_LocalRotation.w
      value: -0.0050421897
      objectReference: {fileID: 0}
    - target: {fileID: 4559697869331238, guid: 67c6e02e204ef6244a8f475a94826851, type: 3}
      propertyPath: m_LocalEulerAnglesHint.x
      value: -24.090002
      objectReference: {fileID: 0}
    - target: {fileID: 4559697869331238, guid: 67c6e02e204ef6244a8f475a94826851, type: 3}
      propertyPath: m_LocalEulerAnglesHint.y
      value: -534.404
      objectReference: {fileID: 0}
    - target: {fileID: 4559697869331238, guid: 67c6e02e204ef6244a8f475a94826851, type: 3}
      propertyPath: m_LocalEulerAnglesHint.z
      value: -23.099
      objectReference: {fileID: 0}
    - target: {fileID: 4759577895359692, guid: 67c6e02e204ef6244a8f475a94826851, type: 3}
      propertyPath: m_LocalPosition.y
      value: -0.25
      objectReference: {fileID: 0}
    - target: {fileID: 4759577895359692, guid: 67c6e02e204ef6244a8f475a94826851, type: 3}
      propertyPath: m_LocalPosition.z
      value: 11.79
      objectReference: {fileID: 0}
    - target: {fileID: 4759577895359692, guid: 67c6e02e204ef6244a8f475a94826851, type: 3}
      propertyPath: m_LocalPosition.x
      value: -1.61
      objectReference: {fileID: 0}
    - target: {fileID: 4759577895359692, guid: 67c6e02e204ef6244a8f475a94826851, type: 3}
      propertyPath: m_LocalRotation.x
      value: -0.17945282
      objectReference: {fileID: 0}
    - target: {fileID: 4759577895359692, guid: 67c6e02e204ef6244a8f475a94826851, type: 3}
      propertyPath: m_LocalRotation.y
      value: 0.6990838
      objectReference: {fileID: 0}
    - target: {fileID: 4759577895359692, guid: 67c6e02e204ef6244a8f475a94826851, type: 3}
      propertyPath: m_LocalRotation.z
      value: 0.5674068
      objectReference: {fileID: 0}
    - target: {fileID: 4759577895359692, guid: 67c6e02e204ef6244a8f475a94826851, type: 3}
      propertyPath: m_LocalRotation.w
      value: 0.39639392
      objectReference: {fileID: 0}
    - target: {fileID: 4759577895359692, guid: 67c6e02e204ef6244a8f475a94826851, type: 3}
      propertyPath: m_LocalEulerAnglesHint.x
      value: -69.325005
      objectReference: {fileID: 0}
    - target: {fileID: 4759577895359692, guid: 67c6e02e204ef6244a8f475a94826851, type: 3}
      propertyPath: m_LocalEulerAnglesHint.y
      value: -623.194
      objectReference: {fileID: 0}
    - target: {fileID: 4759577895359692, guid: 67c6e02e204ef6244a8f475a94826851, type: 3}
      propertyPath: m_LocalEulerAnglesHint.z
      value: 34.293003
      objectReference: {fileID: 0}
    m_RemovedComponents: []
  m_SourcePrefab: {fileID: 100100000, guid: 67c6e02e204ef6244a8f475a94826851, type: 3}
--- !u!4 &7804261732823819315 stripped
Transform:
  m_CorrespondingSourceObject: {fileID: 4081972669198088, guid: 67c6e02e204ef6244a8f475a94826851,
    type: 3}
  m_PrefabInstance: {fileID: 7800461303877552955}
  m_PrefabAsset: {fileID: 0}
